% I know, it is a terrible hack.
%
% TODO: spacing
%
% correction: A, and B
@customa{AbbeelNg2004,
  author = "Abbeel, P. and Ng, A. Y.",
    year = 2004,
    note = "Apprenticeship learning via inverse reinforcement learning. In \textit{Proceedings of the twenty-first international conference on Machine learning}. ACM."
}
@customa{Abramson1990,
  author = "Abramson, B.",
    year = 1990,
    note = "Expected-outcome: A general model of static evaluation. \textit{IEEE transactions on pattern analysis and machine intelligence 12}(2):182--193"
}
@customa{Adams1982,
  author = "Adams, C.",
    year = 1982,
    note = "Variations in the sensitivity of instrumental responding to reinforcer devaluation. \textit{The Quarterly Journal of Experimental Psychology}, 34(2):77--98."
}
@customa{AdamsDickinson1981,
  author = "Adams, C. D. and Dickinson, A.",
    year = 1981,
    note = "Instrumental responding following reinforcer devaluation. \textit{The Quarterly Journal of Experimental Psychology 33}(2):109--121."
}
@customa{AdamsHuysRoiser2015,
      author = "Adams, R. A. and Huys, Q. J. M. and Roiser, J. P.",
        year = 2015,
       note = "Computational Psychiatry: towards a mathematically informed understanding of mental illness. \textit{Journal of Neurology, Neurosurgery \& Psychiatry}, doi:10.1136/jnnp-2015-310737."
}
@customa{Agrawal1995,
  author = "Agrawal, R.",
    year = 1995,
    note = "Sample mean based index policies with $O(logn)$ regret for the multi-armed bandit problem. \textit{Advances in Applied Probability}, 27:1054--1078."
}
@customa{Agre1988,
  author = "Agre, P. E.",
    year = 1988,
    note = "\textit{The Dynamic Structure of Everyday Life}. Ph.D. thesis, Massachusetts Institute of Technology. AI-TR 1085, MIT Artificial Intelligence Laboratory."
}
@customb{AgreChapman1990,
  author = "Agre, P. E. and Chapman, D.",
    year = 1990,
    note = "What are plans for? \textit{Robotics and Autonomous Systems}, 6:17--34."
}
@customa{AizermanBravermanRozonoer1964,
  author = "Aizerman, M. A. and Braverman, E. Í. and Rozonoer, L. I.",
    year = 1964,
    note = "Probability problem of pattern recognition learning and potential functions method. \textit{Avtomat.\ i Telemekh 25}(9):1307--1323."
}
@customa{Albus1971,
  author = "Albus, J. S.",
    year = 1971,
    note = "A theory of cerebellar function. \textit{Mathematical Biosciences}, 10:25--61."
}
@customa{Albus1981,
  author = "Albus, J. S.",
    year = 1981,
    note = "\textit{Brain, Behavior, and Robotics}. Byte Books, Peterborough, NH."
}
@customb{AleksandrovSysoevShemeneva1968,
  author = "Aleksandrov, V. M. and Sysoev, V. I. and Shemeneva, V. V.",
    year = 1968,
    note = "Stochastic optimization of systems. \textit{Izv. Akad. Nauk SSSR, Tekh. Kibernetika}, 14--19."
}
@customa{Amari1998,
  author = "Amari, S. I.",
    year = 1998,
    note = "Natural gradient works efficiently in learning. \textit{Neural Computation 10}(2), 251--276."
}
@customa{An1991,
     key = "An, P. C. E.",
  author = "An, P.-C. E.",
    year = 1991,
    note = "\textit{An Improved Multi-dimensional CMAC Neural network: Receptive Field Function and Placement} (Doctoral dissertation, PhD Thesis, Dept. Electrical and Computer Engineering, New Hampshire Univ., New Hampshire, USA)."
}
@customb{AnMillerParks1991,
  author = "An, P. C. E. and Miller, W. T. and Parks, P. C.",
    year = 1991,
    note = "Design improvements in associative memories for cerebellar model articulation controllers (CMAC). \textit{Artificial Neural Networks}, pp. 1207--1210, Elsvier North-Holland."
}
@customa{Anderson1986,
  author = "Anderson, C. W.",
    year = 1986,
    note = "\textit{Learning and Problem Solving with Multilayer Connectionist Systems}. Ph.D. thesis, University of Massachusetts, Amherst."
}
@customa{Anderson1987,
  author = "Anderson, C. W.",
    year = 1987,
    note = "Strategy learning with multilayer connectionist representations. \textit{Proceedings of the Fourth International Workshop on Machine Learning}, pp. 103--114. Morgan Kaufmann, San Mateo, CA."
}
@customa{Anderson1989,
  author = "Anderson, C. W.",
    year = 1989,
    note = "Learning to control an inverted pendulum using neural networks. \textit{IEEE Control Systems Magazine 9}(3):31--37."
}
@customb{AndersonSilversteinRitzJones1997,
  author = "Anderson, J. A. and Silverstein, J. W. and Ritz, S. A. and Jones, R. S.",
    year = 1977,
    note = "Distinctive features, categorical perception, and probability learning: Some applications of a neural model. \textit{Psychological Review}, 84:413--451."
}
@customa{Andreae1963,
  author = "Andreae, J. H.",
    year = 1963,
    note = "STELLA: A scheme for a learning machine. In \textit{Proceedings of the 2nd IFAC Congress, Basle}, pp. 497--502. Butterworths, London."
}
@customa{Andreae1969a,
  author = "Andreae, J. H.",
    year = 1969,
    note = "A learning machine with monologue. \textit{International Journal of Man–Machine Studies}, 1:1--20."
}
@customa{Andreae1969b,
  author = "Andreae, J. H.",
    year = 1969,
    note = "Learning machines---a unified view. In A. R. Meetham and R. A. Hudson (eds.), \textit{Encyclopedia of Information, Linguistics, and Control}, pp. 261--270. Pergamon, Oxford."
}
@customa{Andreae1977,
  author = "Andreae, J. H.",
    year = 1977,
    note = "\textit{Thinking with the Teachable Machine}. Academic Press, London."
}
% correction: missing entry
@customa{Andreae1998,
  author = "Andreae, J. H.",
    year = 1998,
    note = "\textit{Associative Learning for a Robot Intelligence}. Imperial College Press, London."
}
@customa{Arthur1991,
  author = "Arthur, W. B.",
    year = 1991,
    note = "Designing economic agents that act like human agents: A behavioral approach to bounded rationality. \textit{The American Economic Review 81}(2):353--359."
}
@customa{Atkeson1992,
  author = "Atkeson, C. G.",
    year = 1992,
    note = "Memory-based approaches to approximating continuous functions. In \textit{Sante Fe Institute Studies in the Sciences of Complexity}, Proceedings Vol. 12, pp. 521--521. Addison-Wesley Publishing Co."
}
@customa{AtkesonMooreSchaal1997,
  author = "Atkeson, C. G. and Moore, A. W. and Schaal, S.",
    year = 1997,
    note = "Locally weighted learning. \textit{Artificial Intelligence Review 11}:11--73."
}
% correction: 2-3 -> 2--3
@customb{AuerCesaBianchiFischer2002,
  author = "Auer, P. and Cesa-Bianchi, N. and Fischer, P.",
    year = 2002,
    note = "Finite-time analysis of the multiarmed bandit problem. \textit{Machine learning}, 47(2--3):235--256."
}
@customa{BaconHarbPrecup2017,
  author = "Bacon, P. L. and Harb, J. and Precup, D.",
    year = 2017,
    note = "The Option-Critic Architecture. In \textit{Proceedings of the Association for the Advancement of Artificial Intelligence}, pp. 1726--1734."
}
@customa{BaeChhatbarFrancisSanchezPrincipe2011,
  author = "Bae, J. and Chhatbar, P. and Francis, J. T. and Sanchez, J. C. and Principe, J. C.",
    year = 2011,
    note = "Reinforcement learning via kernel temporal difference. In \textit{Annual International Conference of the IEEE Engineering in Medicine and Biology Society}, pp. 5662--5665. IEEE."
}
@customa{Baird1995,
  author = "Baird, L. C.",
    year = 1995,
    note = "Residual algorithms: Reinforcement learning with function approximation. In \textit{Proceedings of the Twelfth International Conference on Machine Learning}, pp. 30--37. Morgan Kaufmann, San Francisco."
}
@customa{BairdKlopf1993,
  author = "Baird, L. C., and Klopf, A. H.",
    year = 1993,
    note = "Reinforcement learning with high-dimensional, continuous actions. Wright Laboratory, Wright-Patterson Air Force Base, Tech. Rep. WL-TR-93-1147."
}
@customb{BairdMoore1999,
  author = "Baird, L. and Moore, A. W.",
    year = 1999,
    note = "Gradient descent for general reinforcement learning. \textit{Advances in Neural Information Processing Systems}, pp. 968--974."
}
@customa{BaldassarreMirolli2013,
  author = "Baldassarre, G. and Mirolli, M., editors",
    year = 2013,
    note = "\textit{Intrinsically Motivated Learning in Natural and Artificial Systems}. Springer-Verlag, Berlin."
}
% correction: 46-54 -> 46--54
@customb{BalkePearl1994,
  author = "Balke, A. and Pearl, J.",
    year = 1994,
    note = "Counterfactual probabilities: Computational methods, bounds and applications. In \textit{Proceedings of the Tenth International Conference on Uncertainty in Artificial Intelligence} (pp. 46--54). Morgan Kaufmann."
}
@customb{BaoCassandrasDjaferisGandhiLooze1994,
  author = "Bao, G. and Cassandras, C. G. and Djaferis, T. E. and Gandhi, A. D. and Looze, D. P.",
    year = 1994,
    note = "Elevator dispatchers for down peak traffic. Technical report. ECE Department, University of Massachusetts, Amherst."
}
@customa{BarasMeir2007,
  author = "Baras, D. and Meir, R.",
    year = 2007,
    note = "Reinforcement learning, spike-time-dependent plasticity, and the BCM rule. \textit{Neural Computation}, 19(8):2245--2279."
}
@customa{Barnard1993,
  author = "Barnard, E.",
    year = 1993,
    note = "Temporal-difference methods and Markov models. \textit{IEEE Transactions on Systems, Man, and Cybernetics 23}:357--365."
}
@customa{Barnhill1977,
  author = "Barnhill, R. E.",
    year = 1977,
    note = "Representation and approximation of surfaces. \textit{Mathematical Software 3}:69--120."
}
@customa{BarretoPrecupPineau2011,
  author = "Barreto, A. S. and Precup, D. and Pineau, J.",
    year = 2011,
    note = "Reinforcement learning using kernel-based stochastic factorization. In \textit{Advances in Neural Information Processing Systems}, pp. 720--728."
}
@customa{BartlettBaxter1999,
  author = "Bartlett, P. L. and Baxter, J.",
    year = 1999,
    note = "Hebbian synaptic modifications in spiking neurons that learn. Technical report, Research School of Information Sciences and Engineering, Australian National University."
}
@customa{BartlettBaxter2000,
  author = "Bartlett, P. L. and Baxter, J.",
    year = 2000,
    note = "A biologically plausible and locally optimal learning algorithm for spiking neurons. Rapport technique, Australian National University."
}
@customa{Barto1985,
  author = "Barto, A. G.",
    year = 1985,
    note = "Learning by statistical cooperation of self-interested neuron-like computing elements. \textit{Human Neurobiology}, 4:229--256."
}
@customa{Barto1986,
  author = "Barto, A. G.",
    year = 1986,
    note = "Game-theoretic cooperativity in networks of self-interested units. In J. S. Denker (ed.), \textit{Neural Networks for Computing}, pp. 41--46. American Institute of Physics, New York."
}
@customa{Barto1989,
  author = "Barto, A. G.",
    year = 1989,
    note = "From chemotaxis to cooperativity: Abstract exercises in neuronal learning strategies. In Durbin, R., Maill, R., and Mitchison, G., editors, \textit{The Computing Neuron}, pages 73--98. Addison-Wesley, Reading, MA."
}
@customa{Barto1990,
  author = "Barto, A. G.",
    year = 1990,
    note = "Connectionist learning for control: An overview. In T. Miller, R. S. Sutton, and P. J. Werbos (eds.), \textit{Neural Networks for Control}, pp. 5--58. MIT Press, Cambridge, MA."
}
@customa{Barto1991,
  author = "Barto, A. G.",
    year = 1991,
    note = "Some learning tasks from a control perspective. In L. Nadel and D. L. Stein (eds.), \textit{1990 Lectures in Complex Systems}, pp. 195--223. Addison-Wesley, Redwood City, CA."
}
@customa{Barto1992,
  author = "Barto, A. G.",
    year = 1992,
    note = "Reinforcement learning and adaptive critic methods. In D. A. White and D. A. Sofge (eds.), \textit{Handbook of Intelligent Control: Neural, Fuzzy, and Adaptive Approaches}, pp. 469--491. Van Nostrand Reinhold, New York."
}
@customa{Barto1995a,
  author = "Barto, A. G.",
    year = 1995,
    note = "Adaptive critics and the basal ganglia. In J. C. Houk, J. L. Davis, and D. G. Beiser (eds.), \textit{Models of Information Processing in the Basal Ganglia}, pp. 215--232. MIT Press, Cambridge, MA."
}
@customa{Barto1995b,
  author = "Barto, A. G.",
    year = 1995,
    note = "Reinforcement learning. In M. A. Arbib (ed.), \textit{Handbook of Brain Theory and Neural Networks}, pp. 804--809. MIT Press, Cambridge, MA."
}
@customa{Barto2011,
  author = "Barto, A. G.",
    year = 2011,
    note = "Adaptive real-time dynamic programming. In Sammut, C. and Webb, G. I. (Eds.) \textit{Encyclopedia of machine learning}, pp. 19--22. Springer Science and Business Media."
}
% correction: missing trailing period
@customa{Barto2013,
  author = "Barto, A. G.",
    year = 2013,
    note = "Intrinsic motivation and reinforcement learning. In \textit{Intrinsically Motivated Learning in Natural and Artificial Systems}, pp. 17--47. Springer Berlin Heidelberg."
}
@customb{BartoAnandan1985,
  author = "Barto, A. G. and Anandan, P.",
    year = 1985,
    note = "Pattern recognizing stochastic learning automata. \textit{IEEE Transactions on Systems, Man, and Cybernetics}, 15:360--375."
}
@customb{BartoAnderson1985,
  author = "Barto, A. G. and Anderson, C. W.",
    year = 1985,
    note = "Structural learning in connectionist systems. In \textit{Program of the Seventh Annual Conference of the Cognitive Science Society}, pp. 43--54."
}
@customb{BartoAndersonSutton1982,
  author = "Barto, A. G. and Anderson, C. W. and Sutton, R. S.",
    year = 1982,
    note = "Synthesis of nonlinear control surfaces by a layered associative search network. \textit{Biological Cybernetics}, 43:175--185."
}
@customb{BartoBradtkeSingh1991,
  author = "Barto, A. G. and Bradtke, S. J. and Singh, S. P.",
    year = 1991,
    note = "Real-time learning and control using asynchronous dynamic programming. Technical Report 91-57. Department of Computer and Information Science, University of Massachusetts, Amherst."
}
@customb{BartoBradtkeSingh1995,
  author = "Barto, A. G. and Bradtke, S. J. and Singh, S. P.",
    year = 1995,
    note = "Learning to act using real-time dynamic programming. \textit{Artificial Intelligence}, 72:81--138."
}
@customb{BartoDuff1994,
  author = "Barto, A. G. and Duff, M.",
    year = 1994,
    note = "Monte Carlo matrix inversion and reinforcement learning. In J. D. Cohen, G. Tesauro, and J. Alspector (eds.), \textit{Advances in Neural Information Processing Systems: Proceedings of the 1993 Conference}, pp. 687--694. Morgan Kaufmann, San Francisco."
}
@customb{BartoJordan1987,
  author = "Barto, A. G. and Jordan, M. I.",
    year = 1987,
    note = "Gradient following without back-propagation in layered networks. In M. Caudill and C. Butler (eds.), \textit{Proceedings of the IEEE First Annual Conference on Neural Networks}, pp. II629--II636. SOS Printing, San Diego, CA."
}
$ correction: A, and B
@customa{BartoMahadevan2003,
  author = "Barto, A. G. and Mahadevan, S.",
    year = 2003,
    note = "Recent advances in hierarchical reinforcement learning. \textit{Discrete Event Dynamic Systems 13}(4):341--379."
}
@customa{BartoSinghChentanez2004,
  author = "Barto, A. G. and Singh, S. and Chentanez, N.",
    year = 2004,
    note = "Intrinsically motivated learning of hierarchical collections of skills. In \textit{International Conference on Developmental Learning (ICDL)}, LaJolla, CA."
}
@customb{BartoSutton1981a,
  author = "Barto, A. G. and Sutton, R. S.",
    year = 1981,
    note = "Goal seeking components for adaptive intelligence: An initial assessment. Technical Report AFWAL-TR-81-1070. Air Force Wright Aeronautical Laboratories/Avionics Laboratory, Wright-Patterson AFB, OH."
}
@customb{BartoSutton1981b,
  author = "Barto, A. G. and Sutton, R. S.",
    year = 1981,
    note = "Landmark learning: An illustration of associative search. \textit{Biological Cybernetics}, 42:1--8."
}
@customb{BartoSutton1982,
  author = "Barto, A. G. and Sutton, R. S.",
    year = 1982,
    note = "Simulation of anticipatory responses in classical conditioning by a neuron-like adaptive element. \textit{Behavioural Brain Research}, 4:221--235."
}
@customb{BartoSuttonAnderson1983,
  author = "Barto, A. G. and Sutton, R. S. and Anderson, C. W.",
    year = 1983,
    note = "Neuronlike elements that can solve difficult learning control problems. \textit{IEEE Transactions on Systems, Man, and Cybernetics}, 13:835--846. Reprinted in J. A. Anderson and E. Rosenfeld (eds.), \textit{Neurocomputing: Foundations of Research}, pp. 535--549. MIT Press, Cambridge, MA, 1988."
}
@customb{BartoSuttonBrouwer1981,
  author = "Barto, A. G. and Sutton, R. S. and Brouwer, P. S.",
    year = 1981,
    note = "Associative search network: A reinforcement learning associative memory. \textit{Biological Cybernetics}, 40:201--211."
}
@customa{BartoSuttonWatkins1990,
  author = "Barto, A. G. and Sutton, R. S. and Watkins, C. J. C. H.",
    year = 1990,
    note = "Learning and sequential decision making. In M. Gabriel and J. Moore (eds.), \textit{Learning and Computational Neuroscience: Foundations of Adaptive Networks}, pp. 539--602. MIT Press, Cambridge, MA."
}
@customa{BellemareDabneyMunos2017,
  author = "Bellemare, M. G. and Dabney, W. and Munos, R.",
    year = 2017,
    note = "A distributional perspective on reinforcement learning. arXiv preprint arXiv:1707.06887."
}
@customa{BellemareNaddafVenessBowling2013,
  author = "Bellemare, M. G. and Naddaf, Y. and Veness, J. and Bowling, M.",
    year = 2013,
    note = "The arcade learning environment: An evaluation platform for general agents. \textit{Journal of Artificial Intelligence Research}, 47:253--279."
}
@customa{BellemareVenessBowling2012,
  author = "Bellemare, M. G. and Veness, J. and Bowling, M.",
    year = 2012,
    note = "Investigating contingency awareness using Atari 2600 games. In \textit{Proceedings of the Twenty-Sixth AAAI Conference on Artificial Intelligence (AAAI 2012)}, pages 864--871, Palo Alto, CA. The AAAI Press."
}
@customa{Bellman1956,
  author = "Bellman, R. E.",
    year = 1956,
    note = "A problem in the sequential design of experiments. \textit{Sankhya}, 16:221--229."
}
@customa{Bellman1957a,
  author = "Bellman, R. E.",
    year = 1957,
    note = "\textit{Dynamic Programming}. Princeton University Press, Princeton."
}
@customa{Bellman1957b,
  author = "Bellman, R. E.",
    year = 1957,
    note = "A Markov decision process. \textit{Journal of Mathematical Mechanics}, 6:679--684."
}
@customb{BellmanDreyfus1959,
  author = "Bellman, R. E. and Dreyfus, S. E.",
    year = 1959,
    note = "Functional approximations and dynamic programming. \textit{Mathematical Tables and Other Aids to Computation}, 13:247--251."
}
@customb{BellmanKalabaKotkin1973,
  author = "Bellman, R. E. and Kalaba, R. and Kotkin, B.",
    year = 1973,
    note = "Polynomial approximation---A new computational technique in dynamic programming: Allocation processes. \textit{Mathematical Computation}, 17:155--161."
}
@customa{Bengio2009,
  author = "Bengio, Y.",
    year = 2009,
    note = "Learning deep architectures for AI. \textit{Foundations and Trends in Machine Learning}, 2(1):1--27."
}
@customa{BengioCourvilleVincent2012,
  author = "Bengio, Y. and Courville, A. C. and Vincent, P.",
    year = 2012,
    note = "Unsupervised feature learning and deep learning: A review and new perspectives. \textit{CoRR 1}, arXiv 1206.5538."
}
@customa{Bentley1975,
  author = "Bentley, J. L.",
    year = 1975,
    note = "Multidimensional binary search trees used for associative searching. \textit{Communications of the ACM 18}(9):509--517."
}
@customa{Berg1975,
  author = "Berg, H. C.",
    year = 1975,
    note = "Chemotaxis in bacteria. \textit{Annual review of biophysics and bioengineering}, 4(1):119--136."
}
@customa{Bernoulli1954,
  author = "Bernoulli, D.",
    year = 1954,
    note = "Exposition of a new theory on the measurement of risk. \textit{Econometrica}, 22(1):23--36. English translation of the 1738 paper."
}
@customa{BernsMcClurePagnoniMontague2001,
  author = "Berns, G. S. and McClure, S. M. and Pagnoni, G. and Montague, P. R.",
    year = 2001,
    note = "Predictability modulates human brain response to reward. \textit{The journal of neuroscience}, 21(8):2793--2798."
}
@customa{BerridgeKringelbach2008,
  author = "Berridge, K. C. and Kringelbach, M. L.",
    year = 2008,
    note = "Affective neuroscience of pleasure: reward in humans and animals. \textit{Psychopharmacology}, 199(3):457--480."
}
@customa{BerridgeRobinson1998,
  author = "Berridge, K. C. and Robinson, T. E.",
    year = 1998,
    note = "What is the role of dopamine in reward: hedonic impact, reward learning, or incentive salience? \textit{Brain Research Reviews}, 28(3):309--369."
}
@customb{BerryFristedt1985,
  author = "Berry, D. A. and Fristedt, B.",
    year = 1985,
    note = "\textit{Bandit Problems}. Chapman and Hall, London."
}
@customa{Bertsekas1982,
  author = "Bertsekas, D. P.",
    year = 1982,
    note = "Distributed dynamic programming. \textit{IEEE Transactions on Automatic Control}, 27:610--616."
}
@customa{Bertsekas1983,
  author = "Bertsekas, D. P.",
    year = 1983,
    note = "Distributed asynchronous computation of fixed points. \textit{Mathematical Programming}, 27:107--120."
}
@customa{Bertsekas1987,
  author = "Bertsekas, D. P.",
    year = 1987,
    note = "\textit{Dynamic Programming: Deterministic and Stochastic Models}. Prentice-Hall, Englewood Cliffs, NJ."
}
@customa{Bertsekas2005,
  author = "Bertsekas, D. P.",
    year = 2005,
    note = "\textit{Dynamic Programming and Optimal Control, Volume 1}, third edition. Athena Scientific, Belmont, MA."
}
@customa{Bertsekas2012,
  author = "Bertsekas, D. P.",
    year = 2012,
    note = "\textit{Dynamic Programming and Optimal Control, Volume 2: Approximate Dynamic Programming}, fourth edition. Athena Scientific, Belmont, MA."
}
@customa{Bertsekas2013,
  author = "Bertsekas, D. P.",
    year = 2013,
    note = "Rollout algorithms for discrete optimization: A survey. In \textit{Handbook of Combinatorial Optimization}, pp. 2989--3013. Springer New York."
}
@customb{BertsekasTsitsiklis1989,
  author = "Bertsekas, D. P. and Tsitsiklis, J. N.",
    year = 1989,
    note = "\textit{Parallel and Distributed Computation: Numerical Methods}. Prentice-Hall, Englewood Cliffs, NJ."
}
@customb{BertsekasTsitsiklis1996,
  author = "Bertsekas, D. P. and Tsitsiklis, J. N.",
    year = 1996,
    note = "\textit{Neuro-Dynamic Programming}. Athena Scientific, Belmont, MA."
}
@customa{BertsekasTsitsiklisWu1997,
  author = "Bertsekas, D. P. and Tsitsiklis, J. N. and Wu, C.",
    year = 1997,
    note = "Rollout algorithms for combinatorial optimization. \textit{Journal of Heuristics 3}(3):245--262."
}
@customb{BertsekasYu2009,
  author = "Bertsekas, D. P. and Yu, H.",
    year = 2009,
    note = "Projected equation methods for approximate solution of large linear systems. \textit{Journal of Computational and Applied Mathematics}, 227(1):27--50."
}
@customa{BhatFariasMoallemi2012,
  author = "Bhat, N. and Farias, V. and Moallemi, C. C.",
    year = 2012,
    note = "Non-parametric approximate dynamic programming via the kernel method. In \textit{Advances in Neural Information Processing Systems}, pp. 386--394."
}
% correction: actor--critic -> actor-critic
@customb{BhatnagarSuttonGhavamzadehLee2009,
  author = "Bhatnagar, S. and Sutton, R. and Ghavamzadeh, M. and Lee, M.",
    year = 2009,
    note = "Natural actor-critic algorithms. \textit{Automatica 45}(11)."
}
@customb{BiermannFairfieldBeres1982,
  author = "Biermann, A. W. and Fairfield, J. R. C. and Beres, T. R.",
    year = 1982,
    note = "Signature table systems and learning. \textit{IEEE Transactions on Systems, Man, and Cybernetics}, 12:635--648."
}
@customa{Bishop1995,
  author = "Bishop, C. M.",
    year = 1995,
    note = "\textit{Neural Networks for Pattern Recognition}. Clarendon, Oxford."
}
@customa{Bishop2006,
  author = "Bishop, C. M.",
    year = 2006,
    note = "\textit{Pattern Recognition and Machine Learning}. Springer."
}
@customa{Blodgett1929,
  author = "Blodgett, H. C.",
    year = 1929,
    note = "The effect of the introduction of reward upon the maze performance of rats. \textit{University of California Publications in Psychology}, 4:113--134."
}
% correction: Iinterference -> Interference
@customa{BoakesCosta2014,
  author = "Boakes, R. A. and Costa, D. S. J.",
    year = 2014,
    note = "Temporal contiguity in associative learning: Interference and decay from an historical perspective. \textit{Journal of Experimental Psychology: Animal Learning and Cognition}, 40(4):381--400."
}
@customa{Booker1982,
  author = "Booker, L. B.",
    year = 1982,
    note = "\textit{Intelligent Behavior as an Adaptation to the Task Environment}. Ph.D. thesis, University of Michigan, Ann Arbor."
}
@customa{Boone1997,
  author = "Boone, G.",
    year = 1997,
    note = "Minimum-time control of the acrobot. In \textit{1997 International Conference on Robotics and Automation}, pp. 3281--3287. IEEE Robotics and Automation Society."
}
% correction: missing entry
@customa{Borkar2002,
  author = "Borkar, V.",
    year = 2002,
    note = "Q-learning for risk-sensitive control. \textit{Mathematics of Operations Research, 27}(2), 294--311."
}
% correction: A, and B
@customa{BottouVapnik1992,
  author = "Bottou, L. and Vapnik, V.",
    year = 1992,
    note = "Local learning algorithms. \textit{Neural Computation 4}(6):888--900."
}
@customb{BoutilierDeardenGoldszmidt1995,
  author = "Boutilier, C. and Dearden, R. and Goldszmidt, M.",
    year = 1995,
    note = "Exploiting structure in policy construction. In \textit{Proceedings of the Fourteenth International Joint Conference on Artificial Intelligence}, pp. 1104--1111. Morgan Kaufmann."
}
@customa{Boyan1999,
  author = "Boyan, J. A.",
    year = 1999,
    note = "Least-squares temporal difference learning. \textit{International Conference on Machine Learning 16}, pp. 49--56."
}
% correction: Boyan, J. -> Boyan, J. A.
@customa{Boyan2002,
  author = "Boyan, J. A.",
    year = 2002,
    note = "Technical update: Least-squares temporal difference learning. \textit{Machine Learning 49}:233--246."
}
@customb{BoyanMoore1995,
  author = "Boyan, J. A. and Moore, A. W.",
    year = 1995,
    note = "Generalization in reinforcement learning: Safely approximating the value function. In G. Tesauro, D. S. Touretzky, and T. Leen (eds.), \textit{Advances in Neural Information Processing Systems: Proceedings of the 1994 Conference}, pp. 369--376. MIT Press, Cambridge, MA."
}
@customa{Bradtke1993,
  author = "Bradtke, S. J.",
    year = 1993,
    note = "Reinforcement learning applied to linear quadratic regulation. In S. J. Hanson, J. D. Cowan, and C. L. Giles (eds.), \textit{Advances in Neural Information Processing Systems: Proceedings of the 1992 Conference}, pp. 295--302. Morgan Kaufmann, San Mateo, CA."
}
@customa{Bradtke1994,
  author = "Bradtke, S. J.",
    year = 1994,
    note = "\textit{Incremental Dynamic Programming for On-Line Adaptive Optimal Control}. Ph.D. thesis, University of Massachusetts, Amherst. Appeared as CMPSCI Technical Report 94-62."
}
@customb{BradtkeBarto1996,
  author = "Bradtke, S. J. and Barto, A. G.",
    year = 1996,
    note = "Linear least–squares algorithms for temporal difference learning. \textit{Machine Learning}, 22:33--57."
}
% correction: Bradtke, S. J., Ydstie, B. E., Barto, A. G. (1994) / Bradtke, S. J., Duff, M. O. (1995) -> Bradtke, S. J., Duff, M. O. (1995) / Bradtke, S. J., Ydstie, B. E., Barto, A. G. (1994)
@customb{BradtkeDuff1995,
  author = "Bradtke, S. J. and Duff, M. O.",
    year = 1995,
    note = "Reinforcement learning methods for continuous-time Markov decision problems. In G. Tesauro, D. Touretzky, and T. Leen (eds.), \textit{Advances in Neural Information Processing Systems: Proceedings of the 1994 Conference}, pp. 393--400. MIT Press, Cambridge, MA."
}
@customb{BradtkeYdstieBarto1994,
  author = "Bradtke, S. J. and Ydstie, B. E. and Barto, A. G.",
    year = 1994,
    note = "Adaptive linear quadratic control using policy iteration. In \textit{Proceedings of the American Control Conference}, pp. 3475--3479. American Automatic Control Council, Evanston, IL."
}
@customb{BrafmanTennenholtz2003,
  author = "Brafman, R. I. and Tennenholtz, M.",
    year = 2003,
    note = "R-max -- a general polynomial time algorithm for near-optimal reinforcement learning. \textit{Journal of Machine Learning Research}, 3, 213--231."
}
@customa{BreiterAharonKahnemanDaleShizgal2001,
  author = "Breiter, H. C. and Aharon, I. and Kahneman, D. and Dale, A. and Shizgal, P.",
    year = 2001,
    note = "Functional imaging of neural responses to expectancy and experience of monetary gains and losses. \textit{Neuron}, 30(2):619--639."
}
@customa{BrelandBreland1961,
  author = "Breland, K. and Breland, M.",
    year = 1961,
    note = "The misbehavior of organisms. \textit{American Psychologist}, 16(11):681--684."
}
@customa{Bridle1990,
  author = "Bridle, J. S.",
    year = 1990,
    note = "Training stochastic model recognition algorithms as networks can lead to maximum mutual information estimates of parameters. In D. S. Touretzky (ed.), \textit{Advances in Neural Information Processing Systems: Proceedings of the 1989 Conference}, pp. 211--217. Morgan Kaufmann, San Mateo, CA."
}
% correction: Broomhead, D. S., Lowe, D. (1988) / Bromberg-Martin, E. S., Matsumoto, M., Hong, S., and Hikosaka, O. (2010) -> Bromberg-Martin, E. S., Matsumoto, M., Hong, S., and Hikosaka, O. (2010) / Broomhead, D. S., Lowe, D. (1988)
@customa{BrombergMartinMatsumotoHongHikosaka2010,
  author = "Bromberg-Martin, E. S. and Matsumoto, M. and Hong, S. and Hikosaka, O.",
    year = 2010,
    note = "A pallidus-habenula-dopamine pathway signals inferred stimulus values. \textit{Journal of Neurophysiology}, 104(2):1068--1076."
}
@customb{BroomheadLowe1988,
  author = "Broomhead, D. S. and Lowe, D.",
    year = 1988,
    note = "Multivariable functional interpolation and adaptive networks. \textit{Complex Systems}, 2:321--355."
}
% correction: Browne, C.B., Powley, E., Whitehouse, D., Lucas, S.M., Cowling, P.I., Rohlfshagen, P., Tavener, S., Perez, D., Samothrakis, S., and Colton, S. (2012) / Brown, J., Bullock, D., and Grossberg, S. (1999) -> Brown, J., Bullock, D., and Grossberg, S. (1999) / Browne, C.B., Powley, E., Whitehouse, D., Lucas, S.M., Cowling, P.I., Rohlfshagen, P., Tavener, S., Perez, D., Samothrakis, S., and Colton, S. (2012)
@customa{BrownBullockGrossberg1999,
  author = "Brown, J. and Bullock, D. and Grossberg, S.",
    year = 1999,
    note = "How the basal ganglia use parallel excitatory and inhibitory learning pathways to selectively respond to unexpected rewarding cues. \textit{The Journal of Neuroscience}, 19(23):10502--10511."
}
@customa{BrowneEt2012,
  author = "Browne, C.B. and Powley, E. and Whitehouse, D. and Lucas, S.M. and Cowling, P.I. and Rohlfshagen, P. and Tavener, S. and Perez, D. and Samothrakis, S. and Colton, S.",
    year = 2012,
    note = "A survey of monte carlo tree search methods. \textit{IEEE Transactions on Computational Intelligence and AI in Games 4}(1):1--43."
}
@customa{Bryson1996,
  author = "Bryson, A. E., Jr.",
    year = 1996,
    note = "Optimal control---1950 to 1985. \textit{IEEE Control Systems}, 13(3):26--33."
}
% correction: Jr., C. R. J. -> Johnson, Jr., C. R.
@customa{BuchananMitchellSmithJohnson1978,
  author = "Buchanan, B. G. and Mitchell, T. and Smith, R. G. and Johnson, Jr., C. R.",
    year = 1978,
    note = "Models of learning systems. \textit{Encyclopeadia of Computer Science and technology}, 11."
}
@customa{BuhusiSchmajuk1999,
  author = "Buhusi, C. V. and Schmajuk, N. A.",
    year = 1999,
    note = "Timing in simple conditioning and occasion setting: A neural network approach. \textit{Behavioural processes}, 45(1):33--57."
}
@customa{BurkeDreherSeymourTobler2014,
  author = "Burke, C. J. and Dreher, J.-C. and Seymour, B. and Tobler, P. N.",
    year = 2014,
    note = "State-dependent value representation: evidence from the stiatum. \textit{Frontiers in Neuroscience}, 8."
}
% Buşoniu, L., Lazaric, A., Ghavamzadeh, M., Munos, R., Babuška, R., and De Schutter, B. (2012) / Bush, R. R., Mosteller, F. (1955) -> Bush, R. R., Mosteller, F. (1955) / Buşoniu, L., Lazaric, A., Ghavamzadeh, M., Munos, R., Babuška, R., and De Schutter, B. (2012)
@customb{BushMosteller1955,
  author = "Bush, R. R. and Mosteller, F.",
    year = 1955,
    note = "\textit{Stochastic Models for Learning}. Wiley, New York."
}
@customa{BusoniuEt2012,
  author = "Buşoniu, L. and Lazaric, A. and Ghavamzadeh, M. and Munos, R. and Babuška, R. and De Schutter, B.",
    year = 2012,
    note = "Least-squares methods for policy iteration. In Wiering and van Otterlo (Eds.) \textit{Reinforcement Learning: State-of-the Art}, pp. 75--109. Springer Berlin Heidelberg."
}
@customb{ByrneGingrichBaxter1990,
  author = "Byrne, J. H. and Gingrich, K. J. and Baxter, D. A.",
    year = 1990,
    note = "Computational capabilities of single neurons: Relationship to simple forms of associative and nonassociative learning in \textit{aplysia}. In R. D. Hawkins and G. H. Bower (eds.), \textit{Computational Models of Learning}, pp. 31--63. Academic Press, New York."
}
@customa{CalabresiPicconiTozziFilippo2007,
  author = "Calabresi, P. and Picconi, B. and Tozzi, A. and Filippo, M. D.",
    year = 2007,
    note = "Dopamine-mediated regulation of corticostriatal synaptic plasticity. \textit{Trends in Neuroscience}, 30(5):211--219."
}
@customa{Camerer2003,
  author = "Camerer, C.",
    year = 2003,
    note = "\textit{Behavioral game theory: Experiments in strategic interaction}. Princeton University Press."
}
@customa{Campbell1960,
  author = "Campbell, D. T.",
    year = 1960,
    note = "Blind variation and selective survival as a general strategy in knowledge-processes. In M. C. Yovits and S. Cameron (eds.), \textit{Self-Organizing Systems}, pp. 205--231. Pergamon, New York."
}
@customa{Cao2009,
  author = "Cao, X. R.",
    year = 2009,
    note = "Stochastic learning and optimization---A sensitivity-based approach. \textit{Annual Reviews in Control 33}(1):11--24."
}
@customb{CarlstromNordstrom1997,
  author = "Carlström, J. and Nordström, E.",
    year = 1997,
    note = "Control of self-similar ATM call traffic by reinforcement learning. In \textit{Proceedings of the International Workshop on Applications of Neural Networks to Telecommunications 3}, pp. 54--62. Erlbaum, Hillsdale, NJ."
}
@customb{ChapmanKaelbling1991,
  author = "Chapman, D. and Kaelbling, L. P.",
    year = 1991,
    note = "Input generalization in delayed reinforcement learning: An algorithm and performance comparisons. In \textit{Proceedings of the Twelfth International Conference on Artificial Intelligence}, pp. 726--731. Morgan Kaufmann, San Mateo, CA."
}
@customa{ChaslotBakkesSzitaSpronck2008,
  author = "Chaslot, G. and Bakkes, S. and Szita, I. and Spronck, P.",
    year = 2008,
    note = "Monte-Carlo tree search: A new framework for game AI. In \textit{Proceedings of the AAAI Conference on Artificial Intelligence and Interactive Digital Entertainment}."
}
@customb{ChowTsitsiklis1991,
  author = "Chow, C.-S. and Tsitsiklis, J. N.",
    year = 1991,
    note = "An optimal one-way multigrid algorithm for discrete-time stochastic control. \textit{IEEE Transactions on Automatic Control}, 36:898--914."
}
@customa{Chrisman1992,
  author = "Chrisman, L.",
    year = 1992,
    note = "Reinforcement learning with perceptual aliasing: The perceptual distinctions approach. In \textit{Proceedings of the Tenth National Conference on Artificial Intelligence}, pp. 183--188. AAAI/MIT Press, Menlo Park, CA."
}
@customb{ChristensenKorf1986,
  author = "Christensen, J. and Korf, R. E.",
    year = 1986,
    note = "A unified theory of heuristic evaluation functions and its application to learning. In \textit{Proceedings of the Fifth National Conference on Artificial Intelligence}, pp. 148--152. Morgan Kaufmann, San Mateo, CA."
}
@customa{Cichosz1995,
  author = "Cichosz, P.",
    year = 1995,
    note = "Truncating temporal differences: On the efficient implementation of TD(λ) for reinforcement learning. \textit{Journal of Artificial Intelligence Research}, 2:287--318."
}
@customa{ClaridgeChangEt2009,
  author = "Claridge-Chang, A. and Roorda, R. D. and Vrontou, E. and Sjulson, L. and Li, H. and Hirsh, J. and Miesenböck, G.",
    year = 2009,
    note = "Writing memories with light-addressable reinforcement circuitry. \textit{Cell}, 139(2):405--415."
}
@customa{ClarkSquire1998,
  author = "Clark, R. E. and Squire, L. R.",
    year = 1998,
    note = "Classical conditioning and brain systems: the role of awareness. \textit{Science}, 280(5360):77--81."
}
@customb{ClarkFarley1955,
  author = "Clark, W. A. and Farley, B. G.",
    year = 1955,
    note = "Generalization of pattern recognition in a self-organizing system. In \textit{Proceedings of the 1955 Western Joint Computer Conference}, pp. 86--91."
}
@customa{Clouse1996,
  author = "Clouse, J.",
    year = 1996,
    note = "\textit{On Integrating Apprentice Learning and Reinforcement Learning TITLE2}. Ph.D. thesis, University of Massachusetts, Amherst. Appeared as CMPSCI Technical Report 96-026."
}
@customb{ClouseUtgoff1992,
  author = "Clouse, J. and Utgoff, P.",
    year = 1992,
    note = "A teaching method for reinforcement learning systems. In \textit{Proceedings of the Ninth International Machine Learning Conference}, pp. 92--101. Morgan Kaufmann, San Mateo, CA."
}
@customa{CoboZangIsbellThomaz2011,
  author = "Cobo, L. C. and Zang, P. and Isbell, C. L. and Thomaz, A. L.",
    year = 2011,
    note = "Automatic state abstraction from demonstration. In \textit{IJCAAI Proceedings: International Joint Conference on Artificial Intelligence}, volume 22, page 1243."
}
@customa{CohenEt2012,
  author = "Cohen, J. Y. and Haesler, S. and Vong, L. and Lowell, B. B. and Uchida, N.",
    year = 2012,
    note = "Neuron-type-specific signals for reward and punishment in the ventral tegmental area. \textit{Nature 482}(7383):85--88."
}
@customb{ColombettiDorigo1994,
  author = "Colombetti, M. and Dorigo, M.",
    year = 1994,
    note = "Training agent to perform sequential behavior. \textit{Adaptive Behavior}, 2(3):247--275."
}
@customa{Connell1989,
  author = "Connell, J.",
    year = 1989,
    note = "A colony architecture for an artificial creature. Technical Report AI-TR-1151. MIT Artificial Intelligence Laboratory, Cambridge, MA."
}
@customb{ConnellMahadevan1993,
  author = "Connell, J. and Mahadevan, S.",
    year = 1993,
    note = "\textit{Robot Learning}. Kluwer Academic, Boston."
}
% correction: A, and B
@customa{ConnellUtgoff1987,
  author = "Connell, M. E. and Utgoff, P. E.",
    year = 1987,
    note = "Learning to control a dynamic physical system. \textit{Computational intelligence 3}(1):330--337."
}
@customa{ContrerasVidalSchultz1999,
  author = "Contreras-Vidal, J. L. and Schultz, W.",
    year = 1999,
    note = "A predictive reinforcement model of dopamine neurons for learning approach behavior. \textit{Journal of computational neuroscience}, 6(3):191--214."
}
% correction: missing entry
@customa{CoraluppiMarcus1999,
  author = "Coraluppi, S. P. and Marcus, S. I.",
    year = 1999,
    note = "Risk-sensitive and minimax control of discrete-time, finite-state Markov decision processes. \textit{Automatica}, 35:301--309"
}
@customa{Coulom2006,
  author = "Coulom, R.",
    year = 2006,
    note = "Efficient selectivity and backup operators in Monte-Carlo tree search. In \textit{Proceedings of the 5th International Conference on Computers and Games}, pp. 72--83."
}
@customa{CourvilleDawTouretzky2006,
  author = "Courville, A. C. and Daw, N. D. and Touretzky, D. S.",
    year = 2006,
    note = "Bayesian theories of conditioning in a changing world. \textit{Trends in Cognitive Science}, 10(7):294--300."
}
@customa{Craik1943,
  author = "Craik, K. J. W.",
    year = 1943,
    note = "\textit{The Nature of Explanation}. Cambridge University Press, Cambridge."
}
@customa{Crites1996,
  author = "Crites, R. H.",
    year = 1996,
    note = "\textit{Large-Scale Dynamic Optimization Using Teams of Reinforcement Learning Agents}. Ph.D. thesis, University of Massachusetts, Amherst."
}
@customb{CritesBarto1996,
  author = "Crites, R. H. and Barto, A. G.",
    year = 1996,
    note = "Improving elevator performance using reinforcement learning. In D. S. Touretzky, M. C. Mozer, and M. E. Hasselmo (eds.), \textit{Advances in Neural Information Processing Systems: Proceedings of the 1995 Conference}, pp. 1017--1023. MIT Press, Cambridge, MA."
}
@customa{Cross1973,
  author = "Cross, J. G.",
    year = 1973,
    note = "A stochastic learning model of economic behavior. \textit{The Quarterly Journal of Economics 87}(2):239--266."
}
@customa{Crow1968,
  author = "Crow, T. J.",
    year = 1968,
    note = "Cortical synapses and reinforcement: a hypothesis. \textit{Nature}, 219:736--737."
}
@customa{Curtiss1954,
  author = "Curtiss, J. H.",
    year = 1954,
    note = "A theoretical comparison of the efficiencies of two classical methods and a Monte Carlo method for computing one component of the solution of a set of linear algebraic equations. In H. A. Meyer (ed.), \textit{Symposium on Monte Carlo Methods}, pp. 191--233. Wiley, New York."
}
@customa{Cybenko1989,
  author = "Cybenko, G.",
    year = 1989,
    note = "Approximation by superpositions of a sigmoidal function. \textit{Mathematics of control, signals and systems}, 2(4):303--314."
}
@customa{Cziko1995,
  author = "Cziko, G.",
    year = 1995,
    note = "\textit{Without Miracles: Universal Selection Theory and the Second Darvinian Revolution}. MIT Press, Cambridge, MA."
}
@customa{Daniel1976,
  author = "Daniel, J. W.",
    year = 1976,
    note = "Splines and efficiency in dynamic programming. \textit{Journal of Mathematical Analysis and Applications}, 54:402--407."
}
@customb{DannNeumannPeters2014,
  author = "Dann, C. and Neumann, G. and Peters, J.",
    year = 2014,
    note = "Policy evaluation with temporal differences: A survey and comparison. \textit{Journal of Machine Learning Research 15}:809--883."
}
@customa{DawCourvilleTouretzky2003,
  author = "Daw, N. D. and Courville, A. C. and Touretzky, D. S.",
    year = 2003,
    note = "Timing and partial observability in the dopamine system. In \textit{Advances in neural information processing systems}, pages 99--106."
}
@customa{DawCourvilleTouretzky2006,
  author = "Daw, N. D. and Courville, A. C. and Touretzky, D. S.",
    year = 2006,
    note = "Representation and timing in theories of the dopamine system. \textit{Neural Computation}, 18(7):1637--1677."
}
% correction: Daw, N. -> Daw, N. D.
@customa{DawNivDayan2005,
  author = "Daw, N. D. and Niv, Y. and Dayan, P.",
    year = 2005,
    note = "Uncertainty based competition between prefrontal and dorsolateral striatal systems for behavioral control. \textit{Nature Neuroscience}, 8(12):1704--1711."
}
@customa{DawShohamy2008,
  author = "Daw, N. D. and Shohamy, D.",
    year = 2008,
    note = "The cognitive neuroscience of motivation and learning. \textit{Social Cognition}, 26(5):593--620."
}
@customa{Dayan1991,
  author = "Dayan, P.",
    year = 1991,
    note = "Reinforcement comparison. In D. S. Touretzky, J. L. Elman, T. J. Sejnowski, and G. E. Hinton (eds.), \textit{Connectionist Models: Proceedings of the 1990 Summer School}, pp. 45--51. Morgan Kaufmann, San Mateo, CA."
}
@customa{Dayan1992,
  author = "Dayan, P.",
    year = 1992,
    note = "The convergence of TD(λ) for general λ. \textit{Machine Learning}, 8:341--362."
}
@customa{Dayan2008,
  author = "Dayan, P.",
    year = 2008,
    note = "The role of value systems in decision making. In Engel, C. and Singer, W., editors, \textit{Better Than Conscious?: Decision Making, the Human Mind, and Implications For Institutions (Strüngmann Forum Reports)}, pages 51--70. MIT Press, Cambridge, MA."
}
@customa{DayanAbbott2001,
  author = "Dayan, P. and Abbott, L. F.",
    year = 2001,
    note = "\textit{Theoretical Neuroscience: Computational and Mathematical Modeling of Neural Systems}. MIT Press, Cambridge, MA."
}
% correction: A, and B
@customa{DayanBerridge2014,
  author = "Dayan, P. and Berridge, K. C.",
    year = 2014,
    note = "Model-based and model-free Pavlovian reward learning: Revaluation, revision, and revaluation. \textit{Cognitive, Affective, \& Behavioral Neuroscience}, 14(2):473--492."
}
% correction: A, and B
@customa{DayanHinton1993,
  author = "Dayan, P. and Hinton, G. E.",
    year = 1993,
    note = "Feudal reinforcement learning. In S. J. Hanson, J. D. Cohen, and C. L. Giles (eds.), \textit{Advances in Neural Information Processing Systems: Proceedings of the 1992 Conference}, pp. 271--278. Morgan Kaufmann, San Mateo, CA."
}
@customa{DayanNiv2008,
  author = "Dayan, P. and Niv, Y.",
    year = 2008,
    note = "Reinforcement learning: the good, the bad and the ugly. \textit{Current Opinion in Neurobiology}, 18(2):185--196."
}
@customa{DayanNivSeymourDaw2006,
  author = "Dayan, P. and Niv, Y. and Seymour, B. and Daw, N. D.",
    year = 2006,
    note = "The misbehavior of value and the discipline of the will. \textit{Neural Networks 19}(8):1153--1160."
}
% correction: A, and B
@customa{DayanSejnowski1994,
  author = "Dayan, P. and Sejnowski, T.",
    year = 1994,
    note = "TD(λ) converges with probability 1. \textit{Machine Learning}, 14:295--301."
}
@customa{DeAsisHernandezGarciaHollandSutton2017,
  author = "De Asis, K. and Hernandez-Garcia, J. F. and Holland, G. Z. and Sutton, R. S.",
    year = 2017,
    note = "Multi-step Reinforcement Learning: A Unifying Algorithm. arXiv preprint arXiv:1703.01327."
}
@customb{DeanLin1995,
  author = "Dean, T. and Lin, S.-H.",
    year = 1995,
    note = "Decomposition techniques for planning in stochastic domains. In \textit{Proceedings of the Fourteenth International Joint Conference on Artificial Intelligence}, pp. 1121--1127. Morgan Kaufmann. See also Technical Report CS-95-10, Brown University, Department of Computer Science, 1995."
}
% correction: actor--critic -> actor-critic
@customb{DegrisWhiteSutton2012,
  author = "Degris, T. and White, M. and Sutton, R. S.",
    year = 2012,
    note = "Off-policy actor-critic. \textit{Proceedings of the 29th International Conference on Machine Learning}."
}
@customb{DeJongSpong1994,
  author = "DeJong, G. and Spong, M. W.",
    year = 1994,
    note = "Swinging up the acrobot: An example of intelligent control. In \textit{Proceedings of the American Control Conference}, pp. 2158--2162. American Automatic Control Council, Evanston, IL."
}
@customa{Denardo1967,
  author = "Denardo, E. V.",
    year = 1967,
    note = "Contraction mappings in the theory underlying dynamic programming. \textit{SIAM Review}, 9:165--177."
}
@customa{Dennett1978,
  author = "Dennett, D. C.",
    year = 1978,
    note = "\textit{Brainstorms}, pp. 71--89. Bradford/MIT Press, Cambridge, MA."
}
@customa{Derthick1984,
  author = "Derthick, M.",
    year = 1984,
    note = "Variations on the Boltzmann machine learning algorithm. Carnegie-Mellon University Department of Computer Science Technical Report No. CMU-CS-84-120."
}
@customa{Deutsch1953,
  author = "Deutsch, J. A.",
    year = 1953,
    note = "A new type of behaviour theory. \textit{British Journal of Psychology. General Section}, 44(4):304--317."
}
@customa{Deutsch1954,
  author = "Deutsch, J. A.",
    year = 1954,
    note = "A machine with insight. \textit{Quarterly Journal of Experimental Psychology}, 6(1):6--11."
}
@customa{Dick2015,
  author = "Dick, T.",
    year = 2015,
    note = "\textit{Policy Gradient Reinforcement Learning Without Regret}. MSc Thesis, University of Alberta."
}
@customa{Dickinson1980,
  author = "Dickinson, A.",
    year = 1980,
    note = "\textit{Contemporary Animal Learning Theory}. Cambridge University Press, Cambridge."
}
@customa{Dickinson1985,
  author = "Dickinson, A.",
    year = 1985,
    note = "Actions and habits: the development of behavioral autonomy. \textit{Phil. Trans. R. Soc. Lond. B}, 308(1135):67--78."
}
@customa{DickinsonBalleine2002,
  author = "Dickinson, A. and Balleine, B. W.",
    year = 2002,
    note = "The role of learning in motivation. In Gallistel, C. R., editor, \textit{Stevens handbook of experimental psychology}, volume 3, pages 497--533. Wiley, NY."
}
% correction: Dietterich, T. -> Dietterich, T. G.
@customa{DietterichBuchanan1984,
  author = "Dietterich, T. G. and Buchanan, B. G.",
    year = 1984,
    note = "The role of the critic in learning systems. In Selfridge, O. G., Rissland, E. L., and Arbib, M. A., editors, \textit{Adaptive Control of Ill-Defined Systems}, pages 127--147. Plenum Press, NY. Proceedings of the NATO Advanced Research Institute on Adaptive Control of Ill-defined Systems, NATO Conference Series II, Systems Science, Vol. 16."
}
@customb{DietterichFlann1995,
  author = "Dietterich, T. G. and Flann, N. S.",
    year = 1995,
    note = "Explanation-based learning and reinforcement learning: A unified view. In A. Prieditis and S. Russell (eds.), \textit{Proceedings of the Twelfth International Conference on Machine Learning}, pp. 176--184. Morgan Kaufmann, San Francisco."
}
@customa{DietterichWang2002,
  author = "Dietterich, T. G. and Wang, X.",
    year = 2002,
    note = "Batch value function approximation via support vectors. In \textit{Advances in Neural Information Processing Systems 14}, pp. 1491--1498. Cambridge, MA: MIT Press."
}
@customa{DiukCohenLittman2008,
  author = "Diuk, C. and Cohen, A. and Littman, M. L.",
    year = 2008,
    note = "An object-oriented representation for efficient reinforcement learning. In \textit{Proceedings of the 25th international conference on machine learning}, pages 240--247. ACM New York, NY."
}
@customa{DolanDayan2013,
  author = "Dolan, R. J. and Dayan, P.",
    year = 2013,
    note = "Goals and habits in the brain. \textit{Neuron}, 80(2):312--325."
}
@customa{DollSimonDaw2012,
  author = "Doll, B. B. and Simon, D. A. and Daw, N. D.",
    year = 2012,
    note = "The ubiquity of model-based reinforcement learning. \textit{Current Opinion in Neurobiology}, 22:1--7."
}
@customa{DonahoeBurgos2000,
  author = "Donahoe, J. W. and Burgos, J. E.",
    year = 2000,
    note = "Behavior analysis and revaluation. \textit{Journal of the Experimental Analysis of Behavior}, 74(3):331--346."
}
@customa{DorigoColombetti1994,
  author = "Dorigo, M. and Colombetti, M.",
    year = 1994,
    note = "Robot shaping: Developing autonomous agents through learning. \textit{Artificial Intelligence}, 71(2):321--370."
}
@customa{Doya1996,
  author = "Doya, K.",
    year = 1996,
    note = "Temporal di↵erence learning in continuous time and space. In D. S. Touretzky, M. C. Mozer, and M. E. Hasselmo (eds.), \textit{Advances in Neural Information Processing Systems: Proceedings of the 1995 Conference}, pp. 1073--1079. MIT Press, Cambridge, MA."
}
@customa{DoyaSejnowski1995,
  author = "Doya, K. and Sejnowski, T. J.",
    year = 1995,
    note = "A novel reinforcement model of birdsong vocalization learning. In Tesauro, G., Touretzky, D. S., and Leen, T., editors, \textit{Advances in Neural Information Processing Systems: Proceedings of the 1994 Conference}, pages 101--108, Cambridge, MA. MIT Press."
}
@customa{DoyaSejnowski1998,
  author = "Doya, K. and Sejnowski, T. J.",
    year = 1998,
    note = "A computational model of birdsong learning by auditory experience and auditory feedback. In \textit{Central auditory processing and neural modeling}, pages 77--88. Springer US."
}
@customb{DoyleSnell1984,
  author = "Doyle, P. G. and Snell, J. L.",
    year = 1984,
    note = "\textit{Random Walks and Electric Networks}. The Mathematical Association of America. Carus Mathematical Monograph 22."
}
@customb{DreyfusLaw1977,
  author = "Dreyfus, S. E. and Law, A. M.",
    year = 1977,
    note = "\textit{The Art and Theory of Dynamic Programming}. Academic Press, New York."
}
@customb{DudaHart1973,
  author = "Duda, R. O. and Hart, P. E.",
    year = 1973,
    note = "\textit{Pattern Classification and Scene Analysis}. Wiley, New York."
}
@customa{Duff1995,
  author = "Duff, M. O.",
    year = 1995,
    note = "Q-learning for bandit problems. In A. Prieditis and S. Russell (eds.), \textit{Proceedings of the Twelfth International Conference on Machine Learning}, pp. 209--217. Morgan Kaufmann, San Francisco."
}
@customa{EggerMiller1962,
  author = "Egger, D. M. and Miller, N. E.",
    year = 1962,
    note = "Secondary reinforcement in rats as a function of information value and reliability of the stimulus. \textit{Journal of Experimental Psychology}, 64:97--104."
}
@customa{EshelEt2015,
  author = "Eshel, N. and Bukwich, M. and Rao, V. and Hemmelder, V. and Tian, J. and Uchida, N.",
    year = 2015,
    note = "Arithmetic and local circuitry underlying dopamine prediction errors. \textit{Nature 525}(7568):243--246."
}
@customa{EshelTianBukwichUchida2016,
  author = "Eshel, N. and Tian, J. and Bukwich, M. and Uchida, N.",
    year = 2016,
    note = "Dopamine neurons share common response function for reward prediction error. \textit{Nature Neuroscience 19}(3):479--486."
}
@customa{Estes1943,
  author = "Estes, W. K.",
    year = 1943,
    note = "Discriminative conditioning. I. A discriminative property of conditioned anticipation. \textit{Journal of Experimental Psychology 32}(2):150--155."
}
@customa{Estes1948,
  author = "Estes, W. K.",
    year = 1948,
    note = "Discriminative conditioning. II. Effects of a Pavlovian conditioned stimulus upon a subsequently established operant response. \textit{Journal of experimental psychology 38}(2):173--177."
}
@customa{Estes1950,
  author = "Estes, W. K.",
    year = 1950,
    note = "Toward a statistical theory of learning. \textit{Psychololgical Review}, 57:94--107."
}
@customb{FarleyClark1954,
  author = "Farley, B. G. and Clark, W. A.",
    year = 1954,
    note = "Simulation of self-organizing systems by digital computer. \textit{IRE Transactions on Information Theory}, 4:76--84."
}
% correction: timingdependent -> timing-dependent
@customa{FarriesFairhall2007,
  author = "Farries, M. A. and Fairhall, A. L.",
    year = 2007,
    note = "Reinforcement learning with modulated spike timing-dependent synaptic plasticity. \textit{Journal of neurophysiology}, 98(6):3648--3665."
}
@customa{Feldbaum1965,
  author = "Feldbaum, A. A.",
    year = 1965,
    note = "\textit{Optimal Control Systems}. Academic Press, New York."
}
% correction: A, and B
@customa{FinchCuller1934,
  author = "Finch, G. and Culler, E.",
    year = 1934,
    note = "Higher order conditioning with constant motivation. \textit{The American Journal of Psychology}, 596--602."
}
@customb{FinnssonBjornsson2008,
  author = "Finnsson, H. and Björnsson, Y.",
    year = 2008,
    note = "Simulation-based approach to general game playing. In \textit{Proceedings of the Association for the Advancement of Artificial Intelligence}, 259--264."
}
@customa{FiorilloToblerSchultz2003,
  author = "Fiorillo, C. D. and Tobler, P. N. and Schultz, W.",
    year = 2003,
    note = "Discrete coding of reward probability and uncertainty by dopamine neurons. \textit{Science}, 299(5614):1898--1902."
}
@customa{FiorilloYunSong2013,
  author = "Fiorillo, C. D. and Yun, S. R. and Song, M. R.",
    year = 2013,
    note = "Diversity and homogeneity in responses of midbrain dopamine neurons. \textit{The Journal of Neuroscience}, 33(11):4693--4709."
}
@customa{Florian2007,
  author = "Florian, R. V.",
    year = 2007,
    note = "Reinforcement learning through modulation of spike-timing-dependent synaptic plasticity. \textit{Neural Computation}, 19(6):1468--1502."
}
@customb{FogelOwensWalsh1966,
  author = "Fogel, L. J. and Owens, A. J. and Walsh, M. J.",
    year = 1966,
    note = "\textit{Artificial intelligence through simulated evolution}. John Wiley and Sons."
}
@customa{French1999,
  author = "French, R. M.",
    year = 1999,
    note = "Catastrophic forgetting in connectionist networks. \textit{Trends in cognitive sciences 3}(4), 128--135."
}
@customa{FreyMorris1997,
  author = "Frey, U. and Morris, R. G. M.",
    year = 1997,
    note = "Synaptic tagging and long-term potentiation. \textit{Nature}, 385(6616):533--536."
}
@customa{FriedmanBentleyFinkel1977,
  author = "Friedman, J. H. and Bentley, J. L. and Finkel, R. A.",
    year = 1977,
    note = "An algorithm for finding best matches in logarithmic expected time. \textit{ACM Transactions on Mathematical Software 3}(3):209--226."
}
@customb{FristonEt1994,
  author = "Friston, K. J. and Tononi, G. and Reeke, G. N. and Sporns, O. and Edelman, G. M.",
    year = 1994,
    note = "Value-dependent selection in the brain: Simulation in a synthetic neural model. \textit{Neuroscience}, 59:229--243."
}
@customa{Fu1970,
  author = "Fu, K. S.",
    year = 1970,
    note = "Learning control systems---Review and outlook. \textit{IEEE Transactions on Automatic Control}, 15:210--221."
}
@customb{GalanterGerstenhaber1956,
  author = "Galanter, E. and Gerstenhaber, M.",
    year = 1956,
    note = "On thought: The extrinsic theory. \textit{Psychological Review}, 63:218--227."
}
@customa{Gallant1993,
  author = "Gallant, S. I.",
    year = 1993,
    note = "\textit{Neural Network Learning and Expert Systems}. MIT Press, Cambridge, MA."
}
@customa{Gallistel2005,
  author = "Gallistel, C. R.",
    year = 2005,
    note = "Deconstructing the law of effect. \textit{Games and Economic Behavior 52}(2), 410--423."
}
@customb{GallmoAsplund1995,
  author = "Gällmo, O. and Asplund, L.",
    year = 1995,
    note = "Reinforcement learning by construction of hypothetical targets. In J. Alspector, R. Goodman, and T. X. Brown (eds.), \textit{Proceedings of the International Workshop on Applications of Neural Networks to Telecommunications 2}, pp. 300--307. Erlbaum, Hillsdale, NJ."
}
@customa{Gardner1973,
  author = "Gardner, M.",
    year = 1973,
    note = "Mathematical games. \textit{Scientific American}, 228(1):108--115."
}
% correction: missing entry
@customa{Geibel2001,
  author = "Geibel, P.",
    year = 2001,
    note = "Reinforcement learning with bounded risk. In \textit{Proceedings of the 18th International Conference on Machine Learning}."
}
@customb{GeistScherrer2014,
  author = "Geist, M. and Scherrer, B.",
    year = 2014,
    note = "Off-policy learning with eligibility traces: A survey. \textit{Journal of Machine Learning Research 15}:289--333."
}
@customb{GelperinHopfieldTank1985,
  author = "Gelperin, A. and Hopfield, J. J. and Tank, D. W.",
    year = 1985,
    note = "The logic of \textit{limax} learning. In A. Selverston (ed.), \textit{Model Neural Networks and Behavior}, pp. 247--261. Plenum Press, New York."
}
@customb{GeneserethThielscher2014,
  author = "Genesereth, M. and Thielscher, M.",
    year = 2014,
    note = "General game playing. \textit{Synthesis Lectures on Artificial Intelligence and Machine Learning}, 8(2), 1--229."
}
@customa{GershmanMoustafaLudvig2013,
  author = "Gershman, S. J. and Moustafa, A. A. and Ludvig, E. A.",
    year = 2013,
    note = "Time representation in reinforcement learning models of the basal ganglia. \textit{Frontiers in computational neuroscience}, 7."
}
% correction: Gershman, S. J., Pesaran, B., and Daw, N. D. (2009) / Gershman, S. J. and Niv, Y. (2010) -> Gershman, S. J. and Niv, Y. (2010) / Gershman, S. J., Pesaran, B., and Daw, N. D. (2009)
@customa{GershmanNiv2010,
  author = "Gershman, S. J. and Niv, Y.",
    year = 2010,
    note = "Learning latent structure: Carving nature at its joints. \textit{Current Opinions in Neurobiology}, 20:251--256."
}
@customa{GershmanPesaranDaw2009,
  author = "Gershman, S. J. and Pesaran, B. and Daw, N. D.",
    year = 2009,
    note = "Human reinforcement learning subdivides structured action spaces by learning effector-specific values. \textit{Journal of Neuroscience 29}(43):13524--13531."
}
@customb{GhiassianRafieeSutton2016,
  author = "Ghiassian, S. and Rafiee, B. and Sutton, R. S.",
    year = 2016,
    note = "A first empirical study of emphatic temporal difference learning. Workshop on Continual Learning and Deep Learning at the Conference on Neural Information Processing Systems. ArXiv:1705.04185."
}
@customa{GibbsEt1991,
  author = "Gibbs, C. M. and Cool, V. and Land, T. and Kehoe, E. J. and Gormezano, I.",
    year = 1991,
    note = "Second-order conditioning of the rabbits nictitating membrane response. \textit{Integrative Physiological and Behavioral Science 26}(4):282--295."
}
% correction: Amsterdam--London -> Amsterdam-London
@customb{GittinsJones1974,
  author = "Gittins, J. C. and Jones, D. M.",
    year = 1974,
    note = "A dynamic allocation index for the sequential design of experiments. In J. Gani, K. Sarkadi, and I. Vincze (eds.), \textit{Progress in Statistics}, pp. 241--266. North-Holland, Amsterdam-London."
}
% correction: Glimcher, P. W. (2011) / Glimcher, P. W. (2003) -> Glimcher, P. W. (2003) / Glimcher, P. W. (2011)
@customa{Glimcher2003,
  author = "Glimcher, P. W.",
    year = 2003,
    note = "\textit{Decisions, uncertainty, and the brain: The science of neuroeconomics}. MIT Press, Cambridge, MA."
}
@customa{Glimcher2011,
  author = "Glimcher, P. W.",
    year = 2011,
    note = "Understanding dopamine and reinforcement learning: The dopamine reward prediction error hypothesis. \textit{Proceedings of the National Academy of Sciences}, 108(Supplement 3):15647--15654."
}
@customa{GlimcherFehr2013,
  author = "Glimcher, P. W. and Fehr, E., editors",
    year = 2013,
    note = "\textit{Neuroeconomics: Decision making and the brain, Second Edition}. Academic Press."
}
@customa{Goldberg1989,
  author = "Goldberg, D. E.",
    year = 1989,
    note = "\textit{Genetic Algorithms in Search, Optimization, and Machine Learning}. Addison-Wesley, Reading, MA."
}
@customa{Goldstein1957,
  author = "Goldstein, H.",
    year = 1957,
    note = "\textit{Classical Mechanics}. Addison-Wesley, Reading, MA."
}
@customa{GoodfellowBengioCourville2016,
  author = "Goodfellow, I. and Bengio, Y. and Courville, A.",
    year = 2016,
    note = "\textit{Deep Learning}. MIT Press."
}
@customb{GoodwinSin1984,
  author = "Goodwin, G. C. and Sin, K. S.",
    year = 1984,
    note = "\textit{Adaptive Filtering Prediction and Control}. Prentice-Hall, Englewood Cliffs, NJ."
}
@customa{GopnikEt2004,
  author = "Gopnik, A. and Glymour, C. and Sobel, D. and Schulz, L. E. and Kushnir, T. and Danks, D.",
    year = 2004,
    note = "A theory of causal learning in children: Causal maps and Bayes nets. \textit{Psychological Review}, 111(1):3--32."
}
@customa{Gordon1995,
  author = "Gordon, G. J.",
    year = 1995,
    note = "Stable function approximation in dynamic programming. In A. Prieditis and S. Russell (eds.), \textit{Proceedings of the Twelfth International Conference on Machine Learning}, pp. 261--268. Morgan Kaufmann, San Francisco. An expanded version was published as Technical Report CMU-CS-95-103. Carnegie Mellon University, Pittsburgh, PA, 1995."
}
@customa{Gordon1996a,
  author = "Gordon, G. J.",
    year = 1996,
    note = "Chattering in SARSA(λ). CMU learning lab internal report."
}
@customa{Gordon1996b,
  author = "Gordon, G. J.",
    year = 1996,
    note = "Stable fitted reinforcement learning. In D. S. Touretzky, M. C. Mozer, M. E. Hasselmo (eds.), \textit{Advances in Neural Information Processing Systems: Proceedings of the 1995 Conference}, pp. 1052--1058. MIT Press, Cambridge, MA."
}
@customa{Gordon1999,
  author = "Gordon, G. J.",
    year = 1999,
    note = "\textit{Approximate solutions to Markov decision processes}. PhD thesis, School of Computer Science, Carnegie Mellon University, Pittsburgh, PA."
}
@customa{Gordon2001,
  author = "Gordon, G. J.",
    year = 2001,
    note = "Reinforcement learning with function approximation converges to a region. \textit{Advances in neural information processing systems}."
}
@customa{Graybiel2000,
  author = "Graybiel, A. M.",
    year = 2000,
    note = "The basal ganglia. \textit{Current Biology}, 10(14):R509--R511."
}
@customb{GreensmithBartlettBaxter2001,
  author = "Greensmith, E. and Bartlett, P. L. and Baxter, J.",
    year = 2001,
    note = "Variance reduction techniques for gradient estimates in reinforcement learning. In \textit{Advances in Neural Information Processing Systems: Proceedings of the 2000 Conference}, pp. 1507--1514."
}
@customb{GreensmithBartlettBaxter2004,
  author = "Greensmith, E. and Bartlett, P. L. and Baxter, J.",
    year = 2004,
    note = "Variance reduction techniques for gradient estimates in reinforcement learning. \textit{Journal of Machine Learning Research 5}(Nov), 1471--1530."
}
@customa{Griffith1966,
  author = "Griffith, A. K.",
    year = 1966,
    note = "A new machine learning technique applied to the game of checkers. Technical Report Project MAC, Artificial Intelligence Memo 94. Massachusetts Institute of Technology, Cambridge, MA."
}
@customa{Griffith1974,
  author = "Griffith, A. K.",
    year = 1974,
    note = "A comparison and evaluation of three machine learning procedures as applied to the game of checkers. \textit{Artificial Intelligence}, 5:137--148."
}
% correction: actor--critic -> actor-critic
@customb{GrondmanBusoniuLopesBabuska2012,
  author = "Grondman, I. and Busoniu, L. and Lopes, G. A. and Babuska, R.",
    year = 2012,
    note = "A survey of actor-critic reinforcement learning: Standard and natural policy gradients. \textit{IEEE Transactions on Systems, Man, and Cybernetics, Part C (Applications and Reviews) 42}(6), 1291–1307."
}
@customa{Grossberg1975,
  author = "Grossberg, S.",
    year = 1975,
    note = "A neural model of attention, reinforcement, and discrimination learning. \textit{International Review of Neurobiology}, 18:263--327."
}
@customa{GrossbergSchmajuk1989,
  author = "Grossberg, S. and Schmajuk, N. A.",
    year = 1989,
    note = "Neural dynamics of adaptive timing and temporal discrimination during associative learning. \textit{Neural Networks}, 2(2):79--102."
}
@customa{Gullapalli1990,
  author = "Gullapalli, V.",
    year = 1990,
    note = "A stochastic reinforcement algorithm for learning real-valued functions. \textit{Neural Networks}, 3:671--692."
}
@customa{GullapalliBarto1992,
  author = "Gullapalli, V. and Barto, A. G.",
    year = 1992,
    note = "Shaping as a method for accelerating reinforcement learning. In \textit{Proceedings of the 1992 IEEE International Symposium on Intelligent Control}, pages 554--559. IEEE."
}
@customa{GurneyPrescottRedgrave2001,
  author = "Gurney, K. and Prescott, T. J. and Redgrave, P.",
    year = 2001,
    note = "A computational model of action selection in the basal ganglia I. A new functional anatomy. \textit{Biological cybernetics}, 84(6):401--410."
}
@customb{GurvitsLinHanson1994,
  author = "Gurvits, L. and Lin, L.-J. and Hanson, S. J.",
    year = 1994,
    note = "Incremental learning of evaluation functions for absorbing Markov chains: New methods and theorems. Preprint."
}
@customa{Hackman2012,
  author = "Hackman, L.",
    year = 2012,
    note = "\textit{Faster Gradient-TD Algorithms} (MSc dissertation, University of Alberta)."
}
@customb{HallakTamarMunosMannor2016,
  author = "Hallak, A. and Tamar, A. and Munos, R. and Mannor, S.",
    year = 2016,
    note = "Generalized emphatic temporal difference learning: Bias-variance analysis. In \textit{Thirtieth AAAI Conference on Artificial Intelligence}."
}
@customa{Hammer1997,
  author = "Hammer, M.",
    year = 1997,
    note = "The neural basis of associative reward learning in honeybees. \textit{Trends in Neuroscience}, 20:245--252."
}
@customa{HammerMenzel1995,
  author = "Hammer, M. and Menzel, R.",
    year = 1995,
    note = "Learning and memory in the honeybee. \textit{Journal of Neuroscience}, 15(3):1617--1630."
}
@customa{Hampson1983,
  author = "Hampson, S. E.",
    year = 1983,
    note = "\textit{A Neural Model of Adaptive Behavior}. Ph.D. thesis, University of California, Irvine."
}
@customa{Hampson1989,
  author = "Hampson, S. E.",
    year = 1989,
    note = "\textit{Connectionist Problem Solving: Computational Aspects of Biological Learning}. Birkhauser, Boston."
}
@customa{HareODohertyCamererSchultzRangel2008,
  author = "Hare, T. A. and O'Doherty, J. and Camerer, C. F. and Schultz, W. and Rangel, A.",
    year = 2008,
    note = "Dissociating the role of the orbitofrontal cortex and the striatum in the computation of goal values and prediction errors. \textit{The Journal of Neuroscience}, 28(22):5623--5630."
}
@customa{HassabisMaguire2007,
  author = "Hassabis, D. and Maguire, E. A.",
    year = 2007,
    note = "Deconstructing episodic memory with construction. \textit{Trends in cognitive sciences}, 11(7):299--306."
}
@customb{HawkinsKandel1984,
  author = "Hawkins, R. D. and Kandel, E. R.",
    year = 1984,
    note = "Is there a cell-biological alphabet for simple forms of learning? \textit{Psychological Review}, 91:375--391."
}
@customa{HeEt2015,
  author = "He, K. and Huertas, M. and Hong, S. Z. and Tie, X. and Hell, J. W. and Shouval, H. and Kirkwood, A.",
    year = 2015,
    note = "Distinct eligibility traces for LTP and LTD in cortical synapses. \textit{Neuron}, 88(3):528--538."
}
@customa{HeZhangRenSun2016,
  author = "He, K. and Zhang, X. and Ren, S. and Sun, J.",
    year = 2016,
    note = "Deep residual learning for image recognition. In \textit{Proceedings of the 1992 IEEE Conference on Computer Vision and Pattern Recognition}, pages 770--778."
}
@customa{Hebb1949,
  author = "Hebb, D. O.",
    year = 1949,
    note = "\textit{The organization of behavior: A neuropsychological theory}. John Wiley and Sons Inc., New York. Reissued by Lawrence Erlbaum Associates Inc., Mahwah NJ, 2002."
}
% correction: missing entry
@customa{Heger1994,
  author = "Heger, M.",
    year = 1994,
    note = "Consideration of risk in reinforcement learning. In \textit{Proceedings of the 11th International Conference on Machine Learning}, pp. 105--111. Morgan Kaufmann."
}
@customa{Hengst2012,
  author = "Hengst, B.",
    year = 2012,
    note = "Hierarchical approaches. In Wiering and van Otterlo (Eds.) \textit{Reinforcement Learning: State-of-the Art}, pp. 293--323. Springer Berlin Heidelberg."
}
@customa{Herrnstein1970,
  author = "Herrnstein, R. J.",
    year = 1970,
    note = "On the Law of Effect. \textit{Journal of the Experimental Analysis of Behavior 13}(2), 243-266."
}
@customb{HershGriego1969,
  author = "Hersh, R. and Griego, R. J.",
    year = 1969,
    note = "Brownian motion and potential theory. \textit{Scientific American}, 220:66--74."
}
@customa{HesterStone2012,
  author = "Hester, T. and Stone, P.",
    year = 2012,
    note = "Learning and using models. In Wiering and van Otterlo (Eds.) \textit{Reinforcement Learning: State-of-the Art}, pp. 111--141. Springer Berlin Heidelberg."
}
@customa{Hesterberg1988,
  author = "Hesterberg, T. C.",
    year = 1988,
    note = "\textit{Advances in importance sampling}, Ph.D. Dissertation, Statistics Department, Stanford University."
}
@customa{Hilgard1956,
  author = "Hilgard, E. R.",
    year = 1956,
    note = "\textit{Theories of Learning, Second Edition}. Appleton-Century-Cofts, Inc., New York."
}
@customb{HilgardBower1975,
  author = "Hilgard, E. R. and Bower, G. H.",
    year = 1975,
    note = "\textit{Theories of Learning}. Prentice-Hall, Englewood Cliffs, NJ."
}
@customa{Hinton1984,
  author = "Hinton, G. E.",
    year = 1984,
    note = "Distributed representations. Technical Report CMU-CS-84-157. Department of Computer Science, Carnegie-Mellon University, Pittsburgh, PA."
}
@customa{HintonOsinderoTeh2006,
  author = "Hinton, G. E. and Osindero, S. and Teh, Y.",
    year = 2006,
    note = "A fast learning algorithm for deep belief nets. \textit{Neural Computation}, 18(7):1527--1554."
}
@customb{HochreiterSchmidhuber1997,
  author = "Hochreiter, S. and Schmidhuber, J.",
    year = 1997,
    note = "LTSM can solve hard time lag problems. In \textit{Advances in Neural Information Processing Systems: Proceedings of the 1996 Conference}, pp. 473--479. MIT Press, Cambridge, MA."
}
@customa{Holland1975,
  author = "Holland, J. H.",
    year = 1975,
    note = "\textit{Adaptation in Natural and Artificial Systems}. University of Michigan Press, Ann Arbor."
}
@customa{Holland1976,
  author = "Holland, J. H.",
    year = 1976,
    note = "Adaptation. In R. Rosen and F. M. Snell (eds.), \textit{Progress in Theoretical Biology}, vol. 4, pp. 263--293. Academic Press, New York."
}
@customa{Holland1986,
  author = "Holland, J. H.",
    year = 1986,
    note = "Escaping brittleness: The possibility of general-purpose learning algorithms applied to rule-based systems. In R. S. Michalski, J. G. Carbonell, and T. M. Mitchell (eds.), \textit{Machine Learning: An Artificial Intelligence Approach}, vol. 2, pp. 593--623. Morgan Kaufmann, San Mateo, CA."
}
@customa{HollermanSchultz1998,
  author = "Hollerman, J. R. and Schultz, W.",
    year = 1998,
    note = "Dopmine neurons report an error in the temporal prediction of reward during learning. \textit{Nature Neuroscience}, 1:304--309."
}
@customb{HoukAdamsBarto1995,
  author = "Houk, J. C. and Adams, J. L. and Barto, A. G.",
    year = 1995,
    note = "A model of how the basal ganglia generates and uses neural signals that predict reinforcement. In J. C. Houk, J. L. Davis, and D. G. Beiser (eds.), \textit{Models of Information Processing in the Basal Ganglia}, pp. 249--270. MIT Press, Cambridge, MA."
}
@customa{Howard1960,
  author = "Howard, R.",
    year = 1960,
    note = "\textit{Dynamic Programming and Markov Processes}. MIT Press, Cambridge, MA."
}
@customa{Hull1932,
  author = "Hull, C. L.",
    year = 1932,
    note = "The goal-gradient hypothesis and maze learning. \textit{Psychological Review}, 39(1):25--43."
}
@customa{Hull1943,
  author = "Hull, C. L.",
    year = 1943,
    note = "\textit{Principles of Behavior}. Appleton-Century, New York."
}
@customa{Hull1952,
  author = "Hull, C. L.",
    year = 1952,
    note = "\textit{A Behavior System}. Wiley, New York."
}
% correction: A, and B
@customa{IoffeSzegedy2015,
  author = "Ioffe, S. and Szegedy, C.",
    year = 2015,
    note = "Batch normalization: Accelerating deep network training by reducing internal covariate shift. arXiv:1502.03167."
}
@customa{IpekMutluMartinezCaruana2008,
  author = "İpek, E. and Mutlu, O. and Martínez, J. F. and Caruana, R.",
    year = 2008,
    note = "Self-optimizing memory controllers: A reinforcement learning approach. In \textit{35th International Symposium on Computer Architecture, ISCA'08}, pages 39--50. IEEE."
}
@customa{Izhikevich2007,
  author = "Izhikevich, E. M.",
    year = 2007,
    note = "Solving the distal reward problem through linkage of STDP and dopamine signaling. \textit{Cerebral cortex}, 17(10):2443--2452."
}
@customb{JaakkolaJordanSingh1994,
  author = "Jaakkola, T. and Jordan, M. I. and Singh, S. P.",
    year = 1994,
    note = "On the convergence of stochastic iterative dynamic programming algorithms. \textit{Neural Computation}, 6:1185--1201."
}
@customb{JaakkolaSinghJordan1995,
  author = "Jaakkola, T. and Singh, S. P. and Jordan, M. I.",
    year = 1995,
    note = "Reinforcement learning algorithm for partially observable Markov decision problems. In G. Tesauro, D. S. Touretzky, T. Leen (eds.), \textit{Advances in Neural Information Processing Systems: Proceedings of the 1994 Conference}, pp. 345--352. MIT Press, Cambridge, MA."
}
@customa{JaderbergEt2016,
  author = "Jaderberg, M. and Mnih, V. and Czarnecki, W. M. and Schaul, T. and Leibo, J. Z. and Silver, D. and Kavukcuoglu, K.",
    year = 2016,
    note = "Reinforcement learning with unsupervised auxiliary tasks. arXiv preprint arXiv:1611.05397."
}
% correction: representa- tions -> representations
@customa{Jaeger1997,
  author = "Jaeger, H.",
    year = 1997,
    note = "Observable operator models and conditioned continuation representations. Arbeitspapiere der GMD 1043, GMD Forschungszentrum Informationstechnik, Sankt Augustin, Germany."
}
@customa{Jaeger1998,
  author = "Jaeger, H.",
    year = 1998,
    note = "\textit{Discrete Time, Discrete Valued Observable Operator Models: A Tutorial}. GMD-Forschungszentrum Informationstechnik."
}
@customa{Jaeger2000,
  author = "Jaeger, H.",
    year = 2000,
    note = "Observable operator models for discrete stochastic time series. \textit{Neural computation 12}(6), 1371--1398."
}
@customa{Jaeger2002,
  author = "Jaeger, H.",
    year = 2002,
    note = "Tutorial on training recurrent neural networks, covering BPPT, RTRL, EKF and the `echo state network' approach. German National Research Center for Information Technology, Technical Report GMD report 159, 2002."
}
% correction: Actor--critic -> Actor-critic
@customa{JoelNivRuppin2002,
  author = "Joel, D. and Niv, Y. and Ruppin, E.",
    year = 2002,
    note = "Actor-critic models of the basal ganglia: New anatomical and computational perspectives. \textit{Neural networks}, 15(4):535--547."
}
@customa{JohansonEt2009,
  author = "Johanson, E. B. and Killeen, P. R. and Russell, V. A. and Tripp, G. and Wickens, J. R. and Tannock, R. and Williams, J. and Sagvolden, T.",
    year = 2009,
    note = "Origins of altered reinforcement effects in ADHD. \textit{Behavioral and Brain Functions}, 5(7)."
}
@customa{JohnsonRedish2007,
  author = "Johnson, A. and Redish, A. D.",
    year = 2007,
    note = "Neural ensembles in CA3 transiently encode paths forward of the animal at a decision point. \textit{The Journal of neuroscience}, 27(45):12176--12189."
}
@customa{Kaelbling1993a,
  author = "Kaelbling, L. P.",
    year = 1993,
    note = "Hierarchical learning in stochastic domains: Preliminary results. In \textit{Proceedings of the Tenth International Conference on Machine Learning}, pp. 167--173. Morgan Kaufmann, San Mateo, CA."
}
@customa{Kaelbling1993b,
  author = "Kaelbling, L. P.",
    year = 1993,
    note = "\textit{Learning in Embedded Systems}. MIT Press, Cambridge, MA."
}
@customa{Kaelbling1996,
  author = "Kaelbling, L. P. (Ed.)",
    year = 1996,
    note = "Special triple issue on reinforcement learning, \textit{Machine Learning 22}(1/2/3)."
}
@customb{KaelblingLittmanMoore1996,
  author = "Kaelbling, L. P. and Littman, M. L. and Moore, A. W.",
    year = 1996,
    note = "Reinforcement learning: A survey. \textit{Journal of Artificial Intelligence Research}, 4:237--285."
}
@customa{KahnemanTversky1979,
  author = "Kahneman, D. and Tversky, A.",
    year = 1979,
    note = "Prospect theory: An analysis of decision under risk. \textit{Econometrica: Journal of the Econometric Society}, 47:263--291."
}
@customa{Kakade2002,
  author = "Kakade, S.",
    year = 2002,
    note = "A natural policy gradient. \textit{Advances in neural information processing systems 2}, 1531--1538."
}
@customa{Kakade2003,
  author = "Kakade, S. M.",
    year = 2003,
    note = "On the Sample Complexity of Reinforcement Learning (Doctoral dissertation, University of London)."
}
@customa{Kakutani1945,
  author = "Kakutani, S.",
    year = 1945,
    note = "Markov processes and the Dirichlet problem. \textit{Proceedings of the Japan Academy}, 21:227--233."
}
@customb{KalosWhitlock1986,
  author = "Kalos, M. H. and Whitlock, P. A.",
    year = 1986,
    note = "\textit{Monte Carlo Methods}. Wiley, New York."
}
@customa{Kamin1968,
  author = "Kamin, L. J.",
    year = 1968,
    note = "``Attention-like'' processes in classical conditioning. In Jones, M. R., editor, \textit{Miami Symposium on the Prediction of Behavior, 1967: Aversive Stimulation}, pages 9--31. University of Miami Press, Coral Gables, Florida."
}
@customa{Kamin1969,
  author = "Kamin, L. J.",
    year = 1969,
    note = "Predictability, surprise, attention, and conditioning. In Campbell, B. A. and Church, R. M., editors, \textit{Punishment and Aversive Behavior}, pages 279--296. Appleton-Century-Crofts, New York, NY."
}
@customa{KandelEt2013,
  author = "Kandel, E. R. and Schwartz, J. H. and Jessell, T. M. and Siegelbaum, S. A. and Hudspeth, A. J., editors",
    year = 2013,
    note = "\textit{Principles of Neural Science, Fifth Edition}. McGraw-Hill Companies, Inc."
}
@customa{Kanerva1988,
  author = "Kanerva, P.",
    year = 1988,
    note = "\textit{Sparse Distributed Memory}. MIT Press, Cambridge, MA."
}
@customa{Kanerva1993,
  author = "Kanerva, P.",
    year = 1993,
    note = "Sparse distributed memory and related models. In M. H. Hassoun (ed.), \textit{Associative Neural Memories: Theory and Implementation}, pp. 50--76. Oxford University Press, New York."
}
@customa{KarampatziakisLangford2010,
  author = "Karampatziakis, N. and Langford, J.",
    year = 2010,
    note = "Online importance weight aware updates. ArXiv:1011.1576."
}
@customb{KashyapBlaydonFu1970,
  author = "Kashyap, R. L. and Blaydon, C. C. and Fu, K. S.",
    year = 1970,
    note = "Stochastic approximation. In J. M. Mendel and K. S. Fu (eds.), \textit{Adaptive, Learning, and Pattern Recognition Systems: Theory and Applications}, pp. 329--355. Academic Press, New York."
}
% correction: 2-3 -> 2--3
@customb{KearnsSingh2002,
  author = "Kearns, M. and Singh, S.",
    year = 2002,
    note = "Near-optimal reinforcement learning in polynomial time. \textit{Machine Learning}, 49(2--3), 209--232."
}
@customb{KeerthiRavindran1997,
  author = "Keerthi, S. S. and Ravindran, B.",
    year = 1997,
    note = "Reinforcement learning. In E. Fiesler and R. Beale (eds.), \textit{Handbook of Neural Computation}, C3. Oxford University Press, New York."
}
@customa{Kehoe1982,
  author = "Kehoe, E. J.",
    year = 1982,
    note = "Conditioning with serial compound stimuli: Theoretical and empirical issues. \textit{Experimental Animal Behavior}, 1:30--65."
}
@customa{KehoeSchreursGraham1987,
  author = "Kehoe, E. J. and Schreurs, B. G. and Graham, P.",
    year = 1987,
    note = "Temporal primacy overrides prior training in serial compound conditioning of the rabbits nictitating membrane response. \textit{Animal Learning \& Behavior}, 15(4):455--464."
}
% correction: Ffrom -> From & 247-- 263 -> 247--263
@customa{KeiflinJanak2015,
  author = "Keiflin, R. and Janak, P. H.",
    year = 2015,
    note = "Dopamine prediction errors in reward learning and addiction: From theory to neural circuitry. \textit{Neuron}, 88(2):247--263."
}
@customa{Kimble1961,
  author = "Kimble, G. A.",
    year = 1961,
    note = "\textit{Hilgard and Marquis' Conditioning and Learning}. Appleton-Century-Crofts, New York."
}
@customa{Kimble1967,
  author = "Kimble, G. A.",
    year = 1967,
    note = "\textit{Foundations of Conditioning and Learning}. Appleton-Century-Crofts, New York."
}
@customa{Klopf1972,
  author = "Klopf, A. H.",
    year = 1972,
    note = "Brain function and adaptive systems---A heterostatic theory. Technical Report AFCRL-72-0164, Air Force Cambridge Research Laboratories, Bedford, MA. A summary appears in \textit{Proceedings of the International Conference on Systems, Man, and Cybernetics}. IEEE Systems, Man, and Cybernetics Society, Dallas, TX, 1974."
}
@customa{Klopf1975,
  author = "Klopf, A. H.",
    year = 1975,
    note = "A comparison of natural and artificial intelligence. \textit{SIGART Newsletter}, 53:11--13."
}
@customa{Klopf1982,
  author = "Klopf, A. H.",
    year = 1982,
    note = "\textit{The Hedonistic Neuron: A Theory of Memory, Learning, and Intelligence}. Hemisphere, Washington, DC."
}
@customa{Klopf1988,
  author = "Klopf, A. H.",
    year = 1988,
    note = "A neuronal model of classical conditioning. \textit{Psychobiology}, 16:85--125."
}
@customa{KoberPeters2012,
  author = "Kober, J. and Peters, J.",
    year = 2012,
    note = "Reinforcement learning in robotics: A survey. In Wiering, M. and van Otterlo, M., editors, \textit{Reinforcement Learning: State-of-the-Art}, pages 579--610. Springer-Verlag, Berlin."
}
@customb{KocsisSzepesvari2006,
  author = "Kocsis, L. and Szepesvári, Cs.",
    year = 2006,
    note = "Bandit based Monte-Carlo planning. In \textit{Proceedings of the European Conference on Machine Learning}, 282--293. Springer Berlin Heidelberg."
}
@customa{Kohonen1977,
  author = "Kohonen, T.",
    year = 1977,
    note = "\textit{Associative Memory: A System Theoretic Approach}. Springer-Verlag, Berlin."
}
@customb{KollerFriedman2009,
  author = "Koller, D. and Friedman, N.",
    year = 2009,
    note = "\textit{Probabilistic Graphical Models: Principles and Techniques}. MIT Press, 2009."
}
@customa{KolodziejskiPorrWorgotter2009,
  author = "Kolodziejski, C. and Porr, B. and Wörgötter, F.",
    year = 2009,
    note = "On the asymptotic equivalence between differential Hebbian and temporal difference learning. \textit{Neural computation}, 21(4):1173--1202."
}
@customa{Kolter2011,
  author = "Kolter, J. Z.",
    year = 2011,
    note = "The fixed points of off-policy TD. \textit{Advances in Neural Information Processing Systems 24}, pp. 2169--2177."
}
@customb{KonidarisOsentoskiThomas2011,
  author = "Konidaris, G. D. and Osentoski, S. and Thomas, P. S.",
    year = 2011,
    note = "Value function approximation in reinforcement learning using the Fourier basis, \textit{Proceedings of the Twenty-Fifth Conference of the Association for the Advancement of Artificial Intelligence}, pp. 380--385."
}
@customa{Korf1988,
  author = "Korf, R. E.",
    year = 1988,
    note = "Optimal path finding algorithms. In L. N. Kanal and V. Kumar (eds.), \textit{Search in Artificial Intelligence}, pp. 223--267. Springer Verlag, Berlin."
}
@customa{Korf1990,
  author = "Korf, R. E.",
    year = 1990,
    note = "Real-time heuristic search. \textit{Artificial Intelligence 42}(2--3), 189--211."
}
@customa{Koshland1980,
  author = "Koshland, D. E.",
    year = 1980,
    note = "\textit{Bacterial Chemotaxis as a Model Bhavioral System}. Raven Press, New York."
}
@customa{Koza1992,
  author = "Koza, J. R.",
    year = 1992,
    note = "\textit{Genetic programming: On the programming of computers by means of natural selection} (Vol. 1). MIT press."
}
@customb{KraftCampagna1990,
  author = "Kraft, L. G. and Campagna, D. P.",
    year = 1990,
    note = "A summary comparison of CMAC neural network and traditional adaptive control systems. In T. Miller, R. S. Sutton, and P. J. Werbos (eds.), \textit{Neural Networks for Control}, pp. 143--169. MIT Press, Cambridge, MA."
}
@customb{KraftMillerDietz1992,
  author = "Kraft, L. G. and Miller, W. T. and Dietz, D.",
    year = 1992,
    note = "Development and application of CMAC neural network-based control. In D. A. White and D. A. Sofge (eds.), \textit{Handbook of Intelligent Control: Neural, Fuzzy, and Adaptive Approaches}, pp. 215--232. Van Nostrand Reinhold, New York."
}
% correction: Kumar, P. R., Varaiya, P. (1986) / Kumar, P. R. (1985) -> Kumar, P. R. (1985) / Kumar, P. R., Varaiya, P. (1986)
@customa{Kumar1985,
  author = "Kumar, P. R.",
    year = 1985,
    note = "A survey of some results in stochastic adaptive control. \textit{SIAM Journal of Control and Optimization}, 23:329--380."
}
@customb{KumarVaraiya1986,
  author = "Kumar, P. R. and Varaiya, P.",
    year = 1986,
    note = "\textit{Stochastic Systems: Estimation, Identification, and Adaptive Control}. Prentice-Hall, Englewood Cliffs, NJ."
}
@customb{KumarKanal1988,
  author = "Kumar, V. and Kanal, L. N.",
    year = 1988,
    note = "The CDP: A unifying formulation for heuristic search, dynamic programming, and branch-and-bound. In L. N. Kanal and V. Kumar (eds.), \textit{Search in Artificial Intelligence}, pp. 1--37. Springer-Verlag, Berlin."
}
@customb{KushnerDupuis1992,
  author = "Kushner, H. J. and Dupuis, P.",
    year = 1992,
    note = "\textit{Numerical Methods for Stochastic Control Problems in Continuous Time}. Springer-Verlag, New York."
}
@customb{LagoudakisParr2003,
  author = "Lagoudakis, M. and Parr, R.",
    year = 2003,
    note = "Least squares policy iteration. \textit{Journal of Machine Learning Research 4}:1107--1149."
}
@customb{LaiRobbins1985,
  author = "Lai, T. L. and Robbins, H.",
    year = 1985,
    note = "Asymptotically efficient adaptive allocation rules. \textit{Advances in applied mathematics}, 6(1):4--22."
}
@customa{LakshmivarahanNarendra1982,
  author = "Lakshmivarahan, S. and Narendra, K. S.",
    year = 1982,
    note = "Learning algorithms for two-person zero-sum stochastic games with incomplete information: A unified approach. \textit{SIAM Journal of Control and Optimization}, 20:541--552."
}
@customa{LammelLimMalenka2014,
  author = "Lammel, S. and Lim, B. K. and Malenka, R. C.",
    year = 2014,
    note = "Reward and aversion in a heterogeneous midbrain dopamine system. \textit{Neuropharmacology}, 76:353--359."
}
@customb{LaneHandelmanGelfand1992,
  author = "Lane, S. H. and Handelman, D. A. and Gelfand, J. J.",
    year = 1992,
    note = "Theory and development of higher-order CMAC neural networks. \textit{IEEE Control Systems 12}(2):23--30."
}
@customb{LangWaibelHinton1990,
  author = "Lang, K. J. and Waibel, A. H. and Hinton, G. E.",
    year = 1990,
    note = "A time-delay neural network architecture for isolated word recognition. \textit{Neural Networks}, 3:33--43."
}
@customa{LangeGabelRiedmiller2012,
  author = "Lange, S. and Gabel, T. and Riedmiller, M.",
    year = 2012,
    note = "Batch reinforcement learning. In Wiering and van Otterlo (Eds.) \textit{Reinforcement Learning: State-of-the Art}, pp. 45--73. Springer Berlin Heidelberg."
}
@customa{LeCun1985,
  author = "LeCun, Y.",
    year = 1985,
    note = "Une procdure d'apprentissage pour rseau a seuil asymmetrique (a learning scheme for asymmetric threshold networks). In \textit{Proceedings of Cognitiva 85}, Paris, France."
}
@customa{LeCunBottouBengioHaffner1998,
  author = "LeCun, Y. and Bottou, L. and Bengio, Y. and Haffner, P.",
    year = 1998,
    note = "Gradient-based learning applied to document recognition. \textit{Proceedings of the IEEE}, 86(11):2278--2324."
}
% correction: R. and andW. Maass, D. P. -> R., Pecevski, D., and Maass, W.
@customa{LegensteinPecevskiMaass2008,
  author = "Legenstein, R. and Pecevski, D. and Maass, W.",
    year = 2008,
    note = "A learning theory for reward-modulated spike-timing-dependent plasticity with application to biofeedback. \textit{PLoS Computational Biology}, 4(10)."
}
% correction: thehippocampus -> the hippocampus
@customa{LevySteward1983,
  author = "Levy, W. B. and Steward, D.",
    year = 1983,
    note = "Temporal contiguity requirements for long-term associative potentiation/depression in the hippocampus. \textit{Neuroscience}, 8:791--797."
}
% correction: (2013) -> (2012)
@customb{LewisLiu2012,
  author = "Lewis, F. L. and Liu, D. (Eds.).",
    year = 2012,
    note = "\textit{Reinforcement Learning and Approximate Dynamic Programming for Feedback Control}. John Wiley and Sons."
}
@customa{LewisHowesSingh2014,
  author = "Lewis, R. L. and Howes, A. and Singh, S.",
    year = 2014,
    note = "Computational rationality: Linking mechanism and behavior through utility maximization. \textit{Topics in Cognitive Science}, 6(2):279--311."
}
@customa{Li2012,
  author = "Li, L.",
    year = 2012,
    note = "Sample complexity bounds of exploration. In Wiering and van Otterlo (Eds.) \textit{Reinforcement Learning: State-of-the Art}, pp. 175--204. Springer Berlin Heidelberg."
}
@customa{LiChuLangfordSchapire2010,
  author = "Li, L. and Chu, W. and Langford, J. and Schapire, R. E.",
    year = 2010,
    note = "A contextual-bandit approach to personalized news article recommendation. In \textit{Proceedings of the 19th International Conference on World Wide Web}, pages 661--670. ACM."
}
@customb{LinKim1991,
  author = "Lin, C.-S. and Kim, H.",
    year = 1991,
    note = "CMAC-based adaptive critic self-learning control. \textit{IEEE Transactions on Neural Networks}, 2:530--533."
}
@customa{Lin1992,
  author = "Lin, L.-J.",
    year = 1992,
    note = "Self-improving reactive agents based on reinforcement learning, planning and teaching. \textit{Machine Learning}, 8:293--321."
}
@customb{LinMitchell1992,
  author = "Lin, L.-J. and Mitchell, T.",
    year = 1992,
    note = "Reinforcement learning with hidden states. In \textit{Proceedings of the Second International Conference on Simulation of Adaptive Behavior: From Animals to Animats}, pp. 271--280. MIT Press, Cambridge, MA."
}
@customa{Littman1994,
  author = "Littman, M. L.",
    year = 1994,
    note = "Markov games as a framework for multi-agent reinforcement learning. In \textit{Proceedings of the Eleventh International Conference on Machine Learning}, pp. 157--163. Morgan Kaufmann, San Francisco."
}
@customb{LittmanCassandraKaelbling1995,
  author = "Littman, M. L. and Cassandra, A. R. and Kaelbling, L. P.",
    year = 1995,
    note = "Learning policies for partially observable environments: Scaling up. In A. Prieditis and S. Russell (eds.), \textit{Proceedings of the Twelfth International Conference on Machine Learning}, pp. 362--370. Morgan Kaufmann, San Francisco."
}
@customb{LittmanDeanKaelbling1995,
  author = "Littman, M. L. and Dean, T. L. and Kaelbling, L. P.",
    year = 1995,
    note = "On the complexity of solving Markov decision problems. In \textit{Proceedings of the Eleventh Annual Conference on Uncertainty in Artificial Intelligence}, pp. 394--402."
}
% correction: 1555-1561 -> 1555--1561
@customb{LittmanSuttonSingh2002,
  author = "Littman, M. L. and Sutton, R. S. and Singh",
    year = 2002,
    note = "Predictive representations of state. In \textit{Advances in Neural Information Processing Systems} (pp. 1555--1561)."
}
@customa{Liu2001,
  author = "Liu, J. S.",
    year = 2001,
    note = "\textit{Monte Carlo strategies in scientific computing}. Berlin, Springer-Verlag."
}
@customa{LiuPokharelPrincipe2008,
  author = "Liu, W. and Pokharel, P. P. and Principe, J. C.",
    year = 2008,
    note = "The kernel least-mean-square algorithm. \textit{IEEE Transactions on Signal Processing 56}(2):543--554."
}
@customa{Ljung1998,
  author = "Ljung, L.",
    year = 1998,
    note = "System identification. In Procházka, A., Uhlír̂, J., Rayner, P. W. J., and Kingsbury, N. G., editors, \textit{Signal Analysis and Prediction}, pages 163--173. Springer Science + Business Media New York, LLC."
}
@customb{LjungSoderstrom1983,
  author = "Ljung, L. and Söderstrom, T.",
    year = 1983,
    note = "\textit{Theory and Practice of Recursive Identification}. MIT Press, Cambridge, MA."
}
@customa{LjungbergApicellaSchultz1992,
  author = "Ljungberg, T. and Apicella, P. and Schultz, W.",
    year = 1992,
    note = "Responses of monkey dopamine neurons during learning of behavioral reactions. \textit{Journal of Neurophysiology}, 67(1):145--163."
}
@customa{Lovejoy1991,
  author = "Lovejoy, W. S.",
    year = 1991,
    note = "A survey of algorithmic methods for partially observed Markov decision processes. \textit{Annals of Operations Research}, 28:47--66."
}
@customa{Luce1959,
  author = "Luce, D.",
    year = 1959,
    note = "\textit{Individual Choice Behavior}. Wiley, New York."
}
@customa{LudvigBellemarePearson2011,
  author = "Ludvig, E. A. and Bellemare, M. G. and Pearson, K. G.",
    year = 2011,
    note = "A primer on reinforcement learning in the brain: Psychological, computational, and neural perspectives. In Alonso, E. and Mondragón, E., editors, \textit{Computational neuroscience for advancing artificial intelligence: Models, methods and applications}, pages 111--44. Medical Information Science Reference, Hershey PA."
}
@customa{LudvigSuttonKehoe2008,
  author = "Ludvig, E. A. and Sutton, R. S. and Kehoe, E. J.",
    year = 2008,
    note = "Stimulus representation and the timing of reward-prediction errors in models of the dopamine system. \textit{Neural Computation}, 20(12):3034--3054."
}
@customa{LudvigSuttonKehoe2012,
  author = "Ludvig, E. A. and Sutton, R. S. and Kehoe, E. J.",
    year = 2012,
    note = "Evaluating the TD model of classical conditioning. \textit{Learning \& behavior}, 40(3):305--319."
}
@customa{Machado1997,
  author = "Machado, A.",
    year = 1997,
    note = "Learning the temporal dynamics of behavior. \textit{Psychological review}, 104(2):241--265."
}
@customa{Mackintosh1975,
  author = "Mackintosh, N. J.",
    year = 1975,
    note = "A theory of attention: Variations in the associability of stimuli with reinforcement. \textit{Psychological Review}, 82(4):276--298."
}
@customa{Mackintosh1983,
  author = "Mackintosh, N. J.",
    year = 1983,
    note = "\textit{Conditioning and Associative Learning}. Oxford: Clarendon Press."
}
% correction: A, and B
@customa{MaclinShavlik1994,
  author = "Maclin, R. and Shavlik, J. W.",
    year = 1994,
    note = "Incorporating advice into agents that learn from reinforcements. In \textit{Proceedings of the Twelfth National Conference on Artificial Intelligence}, pp. 694--699. AAAI Press, Menlo Park, CA."
}
@customa{Maei2011,
  author = "Maei, H. R.",
    year = 2011,
    note = "\textit{Gradient temporal-difference learning algorithms}. PhD thesis, University of Alberta."
}
% correction: A, and B
@customa{MaeiSutton2010,
  author = "Maei, H. R. and Sutton, R. S.",
    year = 2010,
    note = "GQ(λ): A general gradient algorithm for temporal-difference prediction learning with eligibility traces. In \textit{Proceedings of the Third Conference on Artificial General Intelligence}, pp. 91--96."
}
@customa{MaeiEt2009,
  author = "Maei, H. R. and Szepesvári, Cs. and Bhatnagar, S. and Precup, D. and Silver, D. and Sutton, R. S.",
    year = 2009,
    note = "Convergent temporal-difference learning with arbitrary smooth function approximation. In \textit{Advances in Neural Information Processing Systems}, pp. 1204--1212."
}
% correction: 719--726). -> 719--726.
@customa{MaeiSzepesvariBhatnagarSutton2010,
  author = "Maei, H. R. and Szepesvári, Cs. and Bhatnagar, S. and Sutton, R. S.",
    year = 2010,
    note = "Toward off-policy learning control with function approximation. In \textit{Proceedings of the 27th International Conference on Machine Learning}, pp. 719--726."
}
@customa{Mahadevan1996,
  author = "Mahadevan, S.",
    year = 1996,
    note = "Average reward reinforcement learning: Foundations, algorithms, and empirical results. \textit{Machine Learning}, 22:159--196."
}
% correction: Mahadevan, S., Liu, B., Thomas, P., Dabney, W., Giguere, S., Jacek, N., Gemp, I., and Liu, J. (2014) / Mahadevan, S., and Connell, J. (1992) -> Mahadevan, S., and Connell, J. (1992) / Mahadevan, S., Liu, B., Thomas, P., Dabney, W., Giguere, S., Jacek, N., Gemp, I., and Liu, J. (2014)
% correction: A, and B
@customa{MahadevanConnell1992,
  author = "Mahadevan, S. and Connell, J.",
    year = 1992,
    note = "Automatic programming of behavior-based robots using reinforcement learning. \textit{Artificial Intelligence}, 55:311--365."
}
@customb{MahadevanEt2014,
  author = "Mahadevan, S. and Liu, B. and Thomas, P. and Dabney, W. and Giguere, S. and Jacek, N. and Gemp, I. and Liu, J.",
    year = 2014,
    note = "Proximal reinforcement learning: A new theory of sequential decision making in primal-dual spaces. ArXiv preprint arXiv:1405.6757."
}
@customa{Mahmood2017,
  author = "Mahmood, A. R.",
    year = 2017,
    note = "Incremental Off-policy Reinforcement Learning Algorithms. University of Alberta PhD thesis."
}
% correction: A, and B
@customa{MahmoodSutton2015,
  author = "Mahmood, A. R. and Sutton, R. S.",
    year = 2015,
    note = "Off-policy learning based on weighted importance sampling with linear computational complexity. In \textit{Proceedings of the 31st Conference on Uncertainty in Artificial Intelligence}, Amsterdam, Netherlands."
}
% correction: on -> on Acoustics, Speech and Signal Processing
@customa{MahmoodSuttonDegrisPilarski2012,
  author = "Mahmood, A. R. and Sutton, R. S. and Degris, T. and Pilarski, P. M.",
    year = 2012,
    note = "Tuning-free step-size adaptation. In \textit{Acoustics, Speech and Signal Processing (ICASSP), 2012 IEEE International Conference on Acoustics, Speech and Signal Processing} (pp. 2121--2124). IEEE."
}
% correction: Mahmood, A. R., Yu, H., Sutton, R. S. (2017) / Mahmood, A. R., van Hasselt, H., and Sutton, R. S. (2014) -> Mahmood, A. R., van Hasselt, H., and Sutton, R. S. (2014) / ahmood, A. R., Yu, H., Sutton, R. S. (2017)
@customa{MahmoodHasseltSutton2014,
  author = "Mahmood, A. R. and {van Hasselt}, H. and Sutton, R. S.",
    year = 2014,
    note = "Weighted importance sampling for off-policy learning with linear function approximation. \textit{Advances in Neural Information Processing Systems 27}."
}
% correction: Yu, H, -> Yu, H.,
@customb{MahmoodYuSutton2017,
  author = "Mahmood, A. R. and Yu, H. and Sutton, R. S. ",
    year = 2017,
    note = "Multi-step off-policy learning without importance sampling ratios. ArXiv 1702.03006."
}
@customb{MarbachTsitsiklis2001,
  author = "Marbach, P. and Tsitsiklis, J. N.",
    year = 2001,
    note = "Simulation-based optimization of Markov reward processes. \textit{IEEE Transactions on Automatic Control 46}(2), 191--209. Also MIT Technical Report LIDS-P-2411 (1998)."
}
@customa{Markey1994,
  author = "Markey, K. L.",
    year = 1994,
    note = "Efficient learning of multiple degree-of-freedom control problems with quasi-independent Q-agents. In M. C. Mozer, P. Smolensky, D. S. Touretzky, J. L. Elman, and A. S. Weigend (eds.), \textit{Proceedings of the 1990 Connectionist Models Summer School}. Erlbaum, Hillsdale, NJ."
}
@customa{MarkramLubkeFrotscherSakmann1997,
  author = "Markram, H. and Lübke, J. and Frotscher, M. and Sakmann, B.",
    year = 1997,
    note = "Regulation of synaptic efficacy by coincidence of postsynaptic APs and EPSPs. \textit{Science}, 275:213--215."
}
@customa{MartinezIpek2009,
  author = "Martínez, J. F. and İpek, E.",
    year = 2009,
    note = "Dynamic multicore resource management: A machine learning approach. \textit{Micro, IEEE}, 29(5):8--17."
}
@customa{Mataric1994,
  author = "Mataric, M. J.",
    year = 1994,
    note = "Reward functions for accelerated learning. In \textit{Machine Learning: Proceedings of the Eleventh international conference}, pages 181--189."
}
@customa{MatsudaEt2009,
  author = "Matsuda, W. and Furuta, T. and Nakamura, K. C. and Hioki, H. and Fujiyama, F. and Arai, R. and Kaneko, T.",
    year = 2009,
    note = "Single nigrostriatal dopaminergic neurons form widely spread and highly dense axonal arborizations in the neostriatum. \textit{The Journal of Neuroscience}, 29(2):444--453."
}
@customa{Mazur1994,
  author = "Mazur, J. E.",
    year = 1994,
    note = "\textit{Learning and Behavior}, 3rd ed. Prentice-Hall, Englewood Cliffs, NJ."
}
@customa{McCallum1993,
  author = "McCallum, A. K.",
    year = 1993,
    note = "Overcoming incomplete perception with utile distinction memory. In \textit{Proceedings of the Tenth International Conference on Machine Learning}, pp. 190--196. Morgan Kaufmann, San Mateo, CA."
}
@customa{McCallum1995,
  author = "McCallum, A. K.",
    year = 1995,
    note = "\textit{Reinforcement Learning with Selective Perception and Hidden State}. Ph.D. thesis, University of Rochester, Rochester, NY."
}
% correction: A, and B
@customa{McCloskeyCohen1989,
  author = "McCloskey, M. and Cohen, N. J.",
    year = 1989,
    note = "Catastrophic interference in connectionist networks: The sequential learning problem. \textit{Psychology of learning and motivation 24}, 109--165."
}
% correction: A, and B
@customa{McCullochPitts1943,
  author = "McCulloch, W. S. and Pitts, W.",
    year = 1943,
    note = "A logical calculus of the ideas immanent in nervous activity. \textit{Bulletin of Mathematical Biophysics 5}(4):115--133."
}
% correction: 151-160 -> 151--160
@customb{McMahanGordon2005,
  author = "McMahan, H. B. and Gordon, G. J.",
    year = 2005,
    note = "Fast Exact Planning in Markov Decision Processes. In \textit{Proceedings of the International Conference on Automated Planning and Scheduling} (pp. 151--160)."
}
@customb{MeloMeynRibeiro2008,
  author = "Melo, F. S. and Meyn, S. P. and Ribeiro, M. I.",
    year = 2008,
    note = "An analysis of reinforcement learning with function approximation. In \textit{Proceedings of the 25th international conference on Machine learning} (pp. 664--671)."
}
@customa{Mendel1966,
  author = "Mendel, J. M.",
    year = 1966,
    note = "A survey of learning control systems. \textit{ISA Transactions}, 5:297--303."
}
@customb{MendelMcLaren1970,
  author = "Mendel, J. M. and McLaren, R. W.",
    year = 1970,
    note = "Reinforcement learning control and pattern recognition systems. In J. M. Mendel and K. S. Fu (eds.), \textit{Adaptive, Learning and Pattern Recognition Systems: Theory and Applications}, pp. 287--318. Academic Press, New York."
}
@customa{Michie1961,
  author = "Michie, D.",
    year = 1961,
    note = "Trial and error. In S. A. Barnett and A. McLaren (eds.), \textit{Science Survey, Part 2}, pp. 129--145. Penguin, Harmondsworth."
}
@customa{Michie1963,
  author = "Michie, D.",
    year = 1963,
    note = "Experiments on the mechanisation of game learning. 1. characterization of the model and its parameters. \textit{Computer Journal}, 1:232--263."
}
@customa{Michie1974,
  author = "Michie, D.",
    year = 1974,
    note = "\textit{On Machine Intelligence}. Edinburgh University Press, Edinburgh."
}
@customb{MichieChambers1968,
  author = "Michie, D. and Chambers, R. A.",
    year = 1968,
    note = "BOXES: An experiment in adaptive control. In E. Dale and D. Michie (eds.), \textit{Machine Intelligence 2}, pp. 137--152. Oliver and Boyd, Edinburgh."
}
% correction: missing entry
@customa{MihatschNeuneier2002,
  author = "Mihatsch, O. and Neuneier, R.",
    year = 2002,
    note = "Risk-sensitive reinforcement learning. \textit{Machine Learning}, 49(2):267--290"
}
@customa{Miller1981,
  author = "Miller, R.",
    year = 1981,
    note = "\textit{Meaning and Purpose in the Intact Brain: A Philosophical, Psychological, and Biological Account of Conscious Process}. Clarendon Press, Oxford."
}
% correction: Miller, W. T., An, E., Glanz, F., Carter, M. (1990) / Miller, W. T., Glanz, F. H. (1996) / Miller, S., Williams, R. J. (1992) -> Miller, S., Williams, R. J. (1992) / Miller, W. T., An, E., Glanz, F., Carter, M. (1990) / Miller, W. T., Glanz, F. H. (1996)
@customb{MillerWilliams1992,
  author = "Miller, S. and Williams, R. J.",
    year = 1992,
    note = "Learning to control a bioreactor using a neural net Dyna-Q system. In \textit{Proceedings of the Seventh Yale Workshop on Adaptive and Learning Systems}, pp. 167--172. Center for Systems Science, Dunham Laboratory, Yale University, New Haven."
}
@customb{MillerAnGlanzCarter1990,
  author = "Miller, W. T. and An, E. and Glanz, F. and Carter, M.",
    year = 1990,
    note = "The design of CMAC neural networks for control. \textit{Adaptive and Learning Systems 1}:140--145."
}
@customb{MillerGlanz1996,
  author = "Miller, W. T. and Glanz, F. H.",
    year = 1996,
    note = "\textit{UNH\_CMAC verison 2.1: The University of New Hampshire Implementation of the Cerebellar Model Arithmetic Computer - CMAC}. Robotics Laboratory Technical Report, University of New Hampshire, Durham, New Hampshire."
}
@customb{MillerScaleraKim1994,
  author = "Miller, W. T. and Scalera, S. M. and Kim, A.",
    year = 1994,
    note = "Neural network control of dynamic balance for a biped walking robot. In \textit{Proceedings of the Eighth Yale Workshop on Adaptive and Learning Systems}, pp. 156--161. Center for Systems Science, Dunham Laboratory, Yale University, New Haven."
}
@customa{Minton1990,
  author = "Minton, S.",
    year = 1990,
    note = "Quantitative results concerning the utility of explanation-based learning. \textit{Artificial Intelligence 42}(2--3), 363--391."
}
@customa{Minsky1954,
  author = "Minsky, M. L.",
    year = 1954,
    note = "\textit{Theory of Neural-Analog Reinforcement Systems and Its Application to the Brain-Model Problem}. Ph.D. thesis, Princeton University."
}
@customa{Minsky1961,
  author = "Minsky, M. L.",
    year = 1961,
    note = "Steps toward artificial intelligence. \textit{Proceedings of the Institute of Radio Engineers}, 49:8--30. Reprinted in E. A. Feigenbaum and J. Feldman (eds.), \textit{Computers and Thought}, pp. 406--450. McGraw-Hill, New York, 1963."
}
@customa{Minsky1967,
  author = "Minsky, M. L.",
    year = 1967,
    note = "\textit{Computation: Finite and Infinite Machines}. Prentice-Hall, Englewood Cliffs, NJ."
}
@customa{MnihEt2013,
  author = "Mnih, V. and Kavukcuoglu, K. and Silver, D. and Graves, A. and Antonoglou, I. and Wierstra, D. and Riedmiller, M.",
    year = 2013,
    note = "Playing atari with deep reinforcement learning. arXiv preprint arXiv:1312.5602."
}
@customa{MnihEt2015,
  author = "Mnih, V. and Kavukcuoglu, K. and Silver, D. and Rusu, A. A. and Veness, J. and Bellemare, M. G. and Graves, A. and Riedmiller, M. and Fidjeland, A. K. and Ostrovski, G. and Petersen, S. and Beattie, C. and Sadik, A. and Antonoglou, I. and King, H. and Kumaran, D. and Wierstra, D. and Legg, S. and Hassabis, D.",
    year = 2015,
    note = "Human-level control through deep reinforcement learning. \textit{Nature}, 518(7540):529--533."
}
% correction: A, and B
@customa{ModayilSutton2014,
  author = "Modayil, J. and Sutton, R. S.",
    year = 2014,
    note = "Prediction driven behavior: Learning predictions that drive fixed responses. In \textit{AAAI-14 Workshop on Artificial Intelligence and Robotics}, Quebec City, Canada."
}
@customa{ModayilWhiteSutton2014,
  author = "Modayil, J. and White, A. and Sutton, R. S.",
    year = 2014,
    note = "Multi-timescale nexting in a reinforcement learning robot. \textit{Adaptive Behavior}, 22(2):146--160."
}
@customa{Monahan1982,
  author = "Monahan, G. E.",
    year = 1982,
    note = "State of the art---a survey of partially observable Markov decision processes: theory, models, and algorithms. \textit{Management Science 28}(1), 1--16."
}
@customa{Montague1992,
  author = "Montague, P. R. and Dayan, P. and Nowlan, S. J. and Pouget, A. and Sejnowski, T. J.",
    year = 1992,
    note = "Using aperiodic reinforcement for directed self-organization during development. In \textit{Advances in neural information processing systems 5}, pages 969--976."
}
@customa{MontagueDayanPersonSejnowski1995,
  author = "Montague, P. R. and Dayan, P. and Person, C. and Sejnowski, T. J.",
    year = 1995,
    note = "Bee foraging in uncertain environments using predictive hebbian learning. \textit{Nature}, 377(6551):725--728."
}
@customb{MontagueDayanSejnowski1996,
  author = "Montague, P. R. and Dayan, P. and Sejnowski, T. J.",
    year = 1996,
    note = "A framework for mesencephalic dopamine systems based on predictive Hebbian learning. \textit{Journal of Neuroscience}, 16:1936--1947."
}
@customa{MontagueDolanFristonDayan2012,
  author = "Montague, P. R. and Dolan, R. J. and Friston, K. J. and Dayan, P.",
    year = 2012,
    note = "Computational psychiatry. \textit{Trends in Cognitive Sciences 16}(1):72--80."
}
% correction: learningmechanisms -> learning mechanisms
@customa{MontagueSejnowski1994,
  author = "Montague, P. R. and Sejnowski, T. J.",
    year = 1994,
    note = "The predictive brain: Temporal coincidence and temporal order in synaptic learning mechanisms. \textit{Learning \& Memory}, 1:1--33."
}
@customa{Moore1990,
  author = "Moore, A. W.",
    year = 1990,
    note = "\textit{Efficient Memory-Based Learning for Robot Control}. Ph.D. thesis, University of Cambridge."
}
@customa{Moore1994,
  author = "Moore, A. W.",
    year = 1994,
    note = "The parti-game algorithm for variable resolution reinforcement learning in multidimensional spaces. In J. D. Cohen, G. Tesauro and J. Alspector (eds.), \textit{Advances in Neural Information Processing Systems: Proceedings of the 1993 Conference}, pp. 711--718. Morgan Kaufmann, San Francisco."
}
@customb{MooreAtkeson1993,
  author = "Moore, A. W. and Atkeson, C. G.",
    year = 1993,
    note = "Prioritized sweeping: Reinforcement learning with less data and less real time. \textit{Machine Learning}, 13:103--130."
}
@customa{MooreSchneiderDeng1997,
  author = "Moore, A. W. and Schneider, J. and Deng, K.",
    year = 1997,
    note = "Efficient locally weighted polynomial regression predictions. In \textit{Proceedings of the 1997 International Machine Learning Conference}. Morgan Kaufmann."
}
@customa{MooreBlazis1989,
  author = "Moore, J. W. and Blazis, D. E. J.",
    year = 1989,
    note = "Simulation of a classically conditioned response: A cerebellar implementation of the sutton-barto-desmond model. In Byrne, J. H. and Berry, W. O., editors, \textit{Neural Models of Plasticity}, pages 187--207. Academic Press, San Diego, CA."
}
@customa{MooreChoiBrunzell1998,
  author = "Moore, J. W. and Choi, J.-S. and Brunzell, D. H.",
    year = 1998,
    note = "Predictive timing under temporal uncertainty: The time derivative model of the conditioned response. In Rosenbaum, D. A. and Collyer, C. E., editors, \textit{Timing of Behavior}, pages 3--34. MIT Press, Cambridge, MA."
}
@customa{MooreEt1986,
  author = "Moore, J. W. and Desmond, J. E. and Berthier, N. E. and Blazis, E. J. and Sutton, R. S. and Barto, A. G.",
    year = 1986,
    note = "Simulation of the classically conditioned nictitating membrane response by a neuron-like adaptive element: I. Response topography, neuronal firing, and interstimulus intervals. \textit{Behavioural Brain Research}, 21:143--154."
}
@customa{MooreMarksCastagnaPolewan2001,
  author = "Moore, J. W. and Marks, J. S. and Castagna, V. E. and Polewan, R. J.",
    year = 2001,
    note = "Parameter stability in the TD model of complex CR topographies. Society for Neuroscience Abstract 642.2."
}
@customa{MooreSchmajuk2008,
  author = "Moore, J. W. and Schmajuk, N. A.",
    year = 2008,
    note = "Kamin blocking. \textit{Scholarpedia}, 3(5):3542."
}
% correction: time:Role -> time: Role
@customa{MooreStickney1980,
  author = "Moore, J. W. and Stickney, K. J.",
    year = 1980,
    note = "Formation of attentional-associative networks in real time: Role of the hippocampus and implications for conditioning. \textit{Physiological Psychology}, 8(2):207--217."
}
@customa{MukundanMartinez2012,
  author = "Mukundan, J. and Martínez, J. F.",
    year = 2012,
    note = "MORSE: Multi-objective reconfigurable self-optimizing memory scheduler. In {IEEE 18th International Symposium on High Performance Computer Architecture (HPCA)}, pages 1--12."
}
@customa{Muller2002,
  author = "Müller, M.",
    year = 2002,
    note = "Computer Go. \textit{Artificial Intelligence}, 134(1):145--179."
}
@customa{MunosStepletonHarutyunyanBellemare2016,
  author = "Munos, R. and Stepleton, T. and Harutyunyan, A. and Bellemare, M.",
    year = 2016,
    note = "Safe and efficient off-policy reinforcement learning. In \textit{Advances in Neural Information Processing Systems}, pp. 1046--1054."
}
@customa{Naddaf2010,
  author = "Naddaf, Y.",
    year = 2010,
    note = "\textit{Game-independent AI agents for playing Atari 2600 console games}. PhD thesis, University of Alberta."
}
@customb{NarendraThathachar1974,
  author = "Narendra, K. S. and Thathachar, M. A. L.",
    year = 1974,
    note = "Learning automata---A survey. \textit{IEEE Transactions on Systems, Man, and Cybernetics}, 4:323--334."
}
@customb{NarendraThathachar1989,
  author = "Narendra, K. S. and Thathachar, M. A. L.",
    year = 1989,
    note = "\textit{Learning Automata: An Introduction}. Prentice-Hall, Englewood Cliffs, NJ."
}
@customa{NarendraWheeler1983,
  author = "Narendra, K. S. and Wheeler, R. M.",
    year = 1983,
    note = "An $n$-player sequential stochastic game with identical payoffs. \textit{IEEE Transactions on Systems, Man, and Cybernetics}, 13:1154--1158."
}
@customb{NarendraWheeler1986,
  author = "Narendra, K. S. and Wheeler, R. M.",
    year = 1986,
    note = "Decentralized learning in finite Markov chains. \textit{IEEE Transactions on Automatic Control}, AC31(6):519--526."
}
% correction: 1-2 -> 1--2
@customb{NedicBertsekas2003,
  author = "Nedić, A. and Bertsekas, D. P.",
    year = 2003,
    note = "Least squares policy evaluation algorithms with linear function approximation. \textit{Discrete Event Dynamic Systems 13}(1--2):79--110."
}
@customa{Ng2003,
  author = "Ng, A. Y. ",
    year = 2003,
    note = "\textit{Shaping and policy search in reinforcement learning}. PhD thesis, University of California, Berkeley, Berkeley, CA."
}
@customa{NgHaradaRussell1999,
  author = "Ng, A. Y. and Harada, D. and Russell, S.",
    year = 1999,
    note = "Policy invariance under reward transformations: Theory and application to reward shaping. In Bratko, I. and Dzeroski, S., editors, \textit{Proceedings of the Sixteenth International Conference on Machine Learning (ICML 1999)}, volume 99, pp. 278--287."
}
% correction: A, and B
@customa{NgRussell2000,
  author = "Ng, A. Y. and Russell, S. J.",
    year = 2000,
    note = "Algorithms for inverse reinforcement learning. In \textit{International Conference on Machine Learning}, pp. 663--670."
}
@customb{NieHaykin1996,
  author = "Nie, J. and Haykin, S.",
    year = 1996,
    note = "A dynamic channel assignment policy through Q-learning. CRL Report 334. Communications Research Laboratory, McMaster University, Hamilton, Ontario."
}
@customa{Niv2009,
  author = "Niv, Y.",
    year = 2009,
    note = "Reinforcement learning in the brain. \textit{Journal of Mathematical Psychology}, 53(3):139--154."
}
@customa{NivDawDayan2005,
  author = "Niv, Y. and Daw, N. D. and Dayan, P.",
    year = 2005,
    note = "How fast to work: Response vigor, motivation and tonic dopamine. In Yeiss, Y., Schölkopft, B., and Platt, J., editors, \textit{Advances in Neural Information Processing Systems 18 (NIPS 2005)}, pages 1019--1026. MIT Press, Cambridge, MA."
}
@customa{NivDawJoelDayan2007,
  author = "Niv, Y. and Daw, N. D. and Joel, D. and Dayan, P.",
    year = 2007,
    note = "Tonic dopamine: opportunity costs and the control of response vigor. \textit{Psychopharmacology}, 191(3):507--520."
}
@customa{NivJoelDayan2006,
  author = "Niv, Y. and Joel, D. and Dayan, P.",
    year = 2006,
    note = "A normative perspective on motivation. \textit{Trends in Cognitive Sciences}, 10(8):375--381."
}
% correction: A, and B
@customa{NouriLittman2009,
  author = "Nouri, A. and Littman, M. L.",
    year = 2009,
    note = "Multi-resolution exploration in continuous spaces. In \textit{Advances in neural information processing systems} (pp. 1209--1216)."
}
@customa{NoweVrancxHauwere2012,
  author = "Nowé, A. and Vrancx, P. and Hauwere, Y.-M. D.",
    year = 2012,
    note = "Game theory and multi-agent reinforcement learning. In Wiering, M. and van Otterlo, M., editors, \textit{Reinforcement Learning: State-of-the-Art}, pages 441--467. Springer-Verlag, Berlin."
}
@customa{NuttLingfordHughesErritzoeStokes2015,
  author = "Nutt, D. J. and Lingford-Hughes, A. and Erritzoe, D. and Stokes, P. R. A.",
    year = 2015,
    note = "The dopamine theory of addiction: 40 years of highs and lows. \textit{Nature Reviews Neuroscience}, 16:305--312."
}
@customa{ODohertyEt2003,
  author = "O'Doherty, J. P. and Dayan, P. and Friston, K. and Critchley, H. and Dolan, R. J.",
    year = 2003,
    note = "Temporal difference models and reward-related learning in the human brain. \textit{Neuron}, 38(2):329--337."
}
@customa{ODohertyEt2004,
  author = "O’Doherty, J. P. and Dayan, P. and Schultz, J. and Deichmann, R. and Friston, K. and Dolan, R. J.",
    year = 2004,
    note = "Dissociable roles of ventral and dorsal striatum in instrumental conditioning. \textit{Science}, 304(5669):452--454."
}
% correction: Ólafsdóttir, H. F., Barry, C., Saleem, A. B., Hassabis, D., and Spiers, H. J. (2015) / Oh, J., Guo, X., Lee, H., Lewis, R. L., and Singh, S. (2015) -> Oh, J., Guo, X., Lee, H., Lewis, R. L., and Singh, S. (2015) / Ólafsdóttir, H. F., Barry, C., Saleem, A. B., Hassabis, D., and Spiers, H. J. (2015)
@customa{OhEt2015,
  author = "Oh, J. and Guo, X. and Lee, H. and Lewis, R. L. and Singh, S.",
    year = 2015,
    note = "Action-conditional video prediction using deep networks in Atari games. In \textit{Advances in Neural Information Processing Systems}, pages 2845--2853."
}
@customa{OlafsdottirEt2015,
  author = "Ólafsdóttir, H. F. and Barry, C. and Saleem, A. B. and Hassabis, D. and Spiers, H. J.",
    year = 2015,
    note = "Hippocampal place cells construct reward related sequences through unexplored space. \textit{Elife}, 4:e06063."
}
@customa{OldsMilner1954,
  author = "Olds, J. and Milner, P.",
    year = 1954,
    note = "Positive reinforcement produced by electrical stimulation of the septal area and other regions of rat brain. \textit{Journal of Comparative and Physiological Psychology}, 47(6):419--427."
}
@customa{Oliehoek2012,
  author = "Oliehoek, F. A.",
    year = 2012,
    note = "Decentralized POMDPs. In Wiering and van Otterlo (Eds.) \textit{Reinforcement Learning: State-of-the Art}, pp. 471--503. Springer Berlin Heidelberg."
}
% correction: O’Reilly, R. C. and Frank, M. J. (2006) / O’Reilly, R. C., Frank, M. J., Hazy, T. E., and Watz, B. (2007) / Omohundro, S. M. (1987) -> Omohundro, S. M. (1987) / O’Reilly, R. C. and Frank, M. J. (2006) / O’Reilly, R. C., Frank, M. J., Hazy, T. E., and Watz, B. (2007)
@customa{Omohundro1987,
  author = "Omohundro, S. M.",
    year = 1987,
    note = "Efficient algorithms with neural network behavior. Technical Report, Department of Computer Science, University of Illinois at Urbana-Champaign."
}
@customa{OReillyFrank2006,
  author = "O'Reilly, R. C. and Frank, M. J.",
    year = 2006,
    note = "Making working memory work: A computational model of learning in the prefrontal cortex and basal ganglia. {Neural Computation}, 18(2):283--328."
}
@customa{OReillyFrankHazyWatz2007,
  author = "O’Reilly, R. C. and Frank, M. J. and Hazy, T. E. and Watz, B.",
    year = 2007,
    note = "PVLV: the primary value and learned value Pavlovian learning algorithm. \textit{Behavioral neuroscience}, 121(1):31--49."
}
@customa{Orenstein1982,
  author = "Orenstein, J. A.",
    year = 1982,
    note = "Multidimensional tries used for associative searching. \textit{Information Processing Letters 14}(4):150--157."
}
% correction: A, and B
@customa{OrmoneitSen2002,
  author = "Ormoneit, D. and Sen, Ś.",
    year = 2002,
    note = "Kernel-based reinforcement learning. \textit{Machine learning 49}(2--3):161--178."
}
@customa{OudeyerKaplan2007,
  author = "Oudeyer, P.-Y. and Kaplan, F.",
    year = 2007,
    note = "What is intrinsic motivation? A typology of computational approaches. \textit{Frontiers in Neurorobotics}, 1."
}
@customa{OudeyerKaplanHafner2007,
  author = "Oudeyer, P.-Y. and Kaplan, F. and Hafner, V. V.",
    year = 2007,
    note = "Intrinsic motivation systems for autonomous mental development. \textit{IEEE Transactions on Evolutionary Computation}, 11(2):265--286."
}
% correction: A, and B
@customa{PadoaSchioppaAssad2006,
  author = "Padoa-Schioppa, C. and Assad, J. A.",
    year = 2006,
    note = "Neurons in the orbitofrontal cortex encode economic value. \textit{Nature 441}(7090):223--226."
}
@customa{Page1977,
  author = "Page, C. V.",
    year = 1977,
    note = "Heuristics for signature table analysis as a pattern recognition technique. \textit{IEEE Transactions on Systems, Man, and Cybernetics}, 7:77--86."
}
@customa{PagnoniZinkMontagueBerns2002,
  author = "Pagnoni, G. and Zink, C. F. and Montague, P. R. and Berns, G. S.",
    year = 2002,
    note = "Activity in human ventral striatum locked to errors of reward prediction. \textit{Nature neuroscience}, 5(2):97--98."
}
@customa{PanSchmidtWickensHyland2005,
  author = "Pan, W.-X. and Schmidt, R. and Wickens, J. R. and Hyland, B. I.",
    year = 2005,
    note = "Dopamine cells respond to predicted events during classical conditioning: Evidence for eligibility traces in the reward-learning network. \textit{The Journal of Neuroscience}, 25(26):6235--6242."
}
% correction: actor--critic -> actor-critic
@customb{ParkKimKang2005,
  author = "Park, J. and Kim, J. and Kang, D.",
    year = 2005,
    note = "An RLS-based natural actor-critic algorithm for locomotion of a two-linked robot arm. \textit{Computational Intelligence and Security}, 65--72."
}
% correction: ??? -> Technical Report TR-47, Center for Computational Research in Economics and Management Science, MIT, Cambridge, MA.
@customa{Parker1985,
  author = "Parker, D. B.",
    year = 1985,
    note = "\textit{Learning Logic}. Technical Report TR-47, Center for Computational Research in Economics and Management Science, MIT, Cambridge, MA."
}
@customb{ParksMilitzer1991,
  author = "Parks, P. C. and Militzer, J.",
    year = 1991,
    note = "Improved allocation of weights for associative memory storage in learning control systems. \textit{IFAC Design Methods of Control Systems}, Zurich, Switzerland, 507--512."
}
@customa{Parr1988,
  author = "Parr, R.",
    year = 1988,
    note = "Hierarchical control and learning for Markov decision processes. PhD Thesis, University of California at Berkeley."
}
@customb{ParrRussell1995,
  author = "Parr, R. and Russell, S.",
    year = 1995,
    note = "Approximating optimal policies for partially observable stochastic domains. In \textit{Proceedings of the Fourteenth International Joint Conference on Artificial Intelligence}, pp. 1088--1094. Morgan Kaufmann."
}
@customa{Pavlov1927,
  author = "Pavlov, P. I.",
    year = 1927,
    note = "\textit{Conditioned Reflexes}. Oxford University Press, London."
}
@customa{PawlakKerr2008,
  author = "Pawlak, V. and Kerr, J. N. D.",
    year = 2008,
    note = "Dopamine receptor activation is required for corticostriatal spike-timing-dependent plasticity. \textit{The Journal of Neuroscience}, 28(10):2435--2446."
}
@customa{PawlakWickensKirkwoodKerr2010,
  author = "Pawlak, V. and Wickens, J. R. and Kirkwood, A. and Kerr, J. N. D.",
    year = 2010,
    note = "Timing is not everything: neuromodulation opens the STDP gate. \textit{Frontiers in synaptic neuroscience}, 2."
}
@customa{PearceHall1980,
  author = "Pearce, J. M. and Hall, G.",
    year = 1980,
    note = "A model for Pavlovian learning: Variation in the effectiveness of conditioning but not unconditioned stimuli. \textit{Psychological Review}, 87(6):532--552."
}
@customa{Pearl1984,
  author = "Pearl, J.",
    year = 1984,
    note = "\textit{Heuristics: Intelligent Search Strategies for Computer Problem Solving}. Addison-Wesley, Reading, MA."
}
% correction: 669-688 -> 669--688
@customa{Pearl1995,
  author = "Pearl, J.",
    year = 1995,
    note = "Causal diagrams for empirical research. \textit{Biometrika}, 82(4), 669--688."
}
@customa{PecevskiMaassLegenstein2007,
  author = "Pecevski, D. and Maass, W. and Legenstein, R. A.",
    year = 2007,
    note = "Theoretical analysis of learning with reward-modulated spike-timing-dependent plasticity. In \textit{Advances in Neural Information Processing Systems}, pp. 881--888."
}
@customa{Peng1993,
  author = "Peng, J.",
    year = 1993,
    note = "\textit{Efficient Dynamic Programming-Based Learning for Control}. Ph.D. thesis, Northeastern University, Boston."
}
@customa{Peng1995,
  author = "Peng, J.",
    year = 1995,
    note = "Efficient memory-based dynamic programming. In \textit{12th International Conference on Machine Learning}, pp. 438--446."
}
@customb{PengWilliams1993,
  author = "Peng, J. and Williams, R. J.",
    year = 1993,
    note = "Efficient learning and planning within the Dyna framework. \textit{Adaptive Behavior}, 1(4):437--454."
}
@customb{PengWilliams1994,
  author = "Peng, J. and Williams, R. J.",
    year = 1994,
    note = "Incremental multi-step Q-learning. In W. W. Cohen and H. Hirsh (eds.), \textit{Proceedings of the Eleventh International Conference on Machine Learning}, pp. 226--232. Morgan Kaufmann, San Francisco."
}
@customb{PengWilliams1996,
  author = "Peng, J. and Williams, R. J.",
    year = 1996,
    note = "Incremental multi-step Q-learning. \textit{Machine Learning}, 22:283--290."
}
@customb{PerkinsPendrith2002,
  author = "Perkins, T. J. and Pendrith, M. D.",
    year = 2002,
    note = "On the existence of fixed points for Q-learning and Sarsa in partially observable domains. In \textit{Proceedings of the International Conference on Machine Learning}, pp. 490--497."
}
@customb{PerkinsPrecup2003,
  author = "Perkins, T. J. and Precup, D.",
    year = 2003,
    note = "A convergent form of approximate policy iteration. In \textit{Advances in neural information processing systems, proceedings of the 2002 conference}, pp. 1595--1602."
}
@customa{PetersBuchel2010,
  author = "Peters, J. and Büchel, C.",
    year = 2010,
    note = "Neural representations of subjective reward value. \textit{Behavioral brain research}, 213(2):135--141."
}
% correction: actor--critic -> actor-critic
@customb{PetersSchaal2008,
  author = "Peters, J. and Schaal, S.",
    year = 2008,
    note = "Natural actor-critic. \textit{Neurocomputing 71}(7), 1180--1190."
}
% correction: actor--critic -> actor-critic
@customb{PetersVijayakumarSchaal2005,
  author = "Peters, J. and Vijayakumar, S. and Schaal, S.",
    year = 2005,
    note = "Natural actor-critic. In \textit{European Conference on Machine Learning} (pp. 280--291). Springer Berlin Heidelberg."
}
% correction: 317--28. -> 317--328.
@customa{Peterson2004,
  author = "Peterson, G. B.",
    year = 2004,
    note = "A day of great illumination: B.F. Skinner's discovery of shaping. \textit{Journal of the Experimental Analysis of Behavior}, 82(3):317--328."
}
@customa{PezzuloMeerLansinkPennartz2014,
  author = "Pezzulo, G. and {van der Meer}, M. A. A. and Lansink, C. S. and Pennartz, C. M. A.",
    year = 2014,
    note = "Internally generated sequences in learning and executing goal-directed behavior. \textit{Trends in Cognitive Science}, 18(12):647--657."
}
@customa{PfeifferFoster2013,
  author = "Pfeiffer, B. E. and Foster, D. J.",
    year = 2013,
    note = "Hippocampal place-cell sequences depict future paths to remembered goals. \textit{Nature}, 497(7447):74--79."
}
@customb{PhansalkarThathachar1995,
  author = "Phansalkar, V. V. and Thathachar, M. A. L.",
    year = 1995,
    note = "Local and global optimization algorithms for generalized learning automata. \textit{Neural Computation}, 7:950--973."
}
@customb{PoggioGirosi1989,
  author = "Poggio, T. and Girosi, F.",
    year = 1989,
    note = "A theory of networks for approximation and learning. A.I.\ Memo 1140. Artificial Intelligence Laboratory, Massachusetts Institute of Technology, Cambridge, MA."
}
@customb{PoggioGirosi1990,
  author = "Poggio, T. and Girosi, F.",
    year = 1990,
    note = "Regularization algorithms for learning that are equivalent to multilayer networks. \textit{Science}, 247:978--982."
}
% correction: 98-107 -> 98--107
@customa{Polyak1990,
  author = "Polyak, B. T.",
    year = 1990,
    note = "New stochastic approximation type procedures. \textit{Automat.\ i Telemekh 7}(98--107), 2 (in Russian)."
}
% correction: 838-855 -> 838--855
@customb{PolyakJuditsky1992,
  author = "Polyak, B. T. and Juditsky, A. B.",
    year = 1992,
    note = "Acceleration of stochastic approximation by averaging. \textit{SIAM Journal on Control and Optimization 30}(4), 838--855."
}
@customa{Powell1987,
  author = "Powell, M. J. D.",
    year = 1987,
    note = "Radial basis functions for multivariate interpolation: A review. In J. C. Mason and M. G. Cox (eds.), \textit{Algorithms for Approximation}, pp. 143--167. Clarendon Press, Oxford."
}
@customa{Powell2011,
  author = "Powell, W. B.",
    year = 2011,
    note = "\textit{Approximate Dynamic Programming: Solving the Curses of Dimensionality}, Second edition. John Wiley and Sons."
}
@customa{Powers1973,
  author = "Powers, W. T.",
    year = 1973,
    note = "\textit{Behavior: The Control of Perception}. Aldine de Gruyter, Chicago. 2nd expanded edition 2005."
}
@customb{PrecupSuttonDasgupta2001,
  author = "Precup, D. and Sutton, R. S. and Dasgupta, S.",
    year = 2001,
    note = "Off-policy temporal-difference learning with function approximation. In \textit{Proceedings of the 18th International Conference on Machine Learning}."
}
@customa{PrecupEt2005,
  author = "Precup, D. and Sutton, R. S. and Paduraru, C. and Koop, A. and Singh, S.",
    year = 2005,
    note = "Off-policy learning with options and recognizers. In \textit{Advances in Neural Processing Systems}, pp. 1097--1104."
}
@customb{PrecupSuttonSingh2000,
  author = "Precup, D. and Sutton, R. S. and Singh, S.",
    year = 2000,
    note = "Eligibility traces for off-policy policy evaluation. In \textit{Proceedings of the 17th International Conference on Machine Learning}, pp. 759--766. Morgan Kaufmann."
}
@customa{Puterman1994,
  author = "Puterman, M. L.",
    year = 1994,
    note = "\textit{Markov Decision Problems}. Wiley, New York."
}
@customb{PutermanShin1978,
  author = "Puterman, M. L. and Shin, M. C.",
    year = 1978,
    note = "Modified policy iteration algorithms for discounted Markov decision problems. \textit{Management Science}, 24:1127--1137."
}
@customa{QuartzDayanMontagueSejnowski1992,
  author = "Quartz, S. and Dayan, P. and Montague, P. R. and Sejnowski, T. J.",
    year = 1992,
    note = "Expectation learning in the brain using diffuse ascending connections. In \textit{Society for Neuroscience Abstracts}, volume 18, page 1210."
}
@customa{RandlovAlstrom1998,
  author = "Randløv, J. and Alstrøm, P.",
    year = 1998,
    note = "Learning to drive a bicycle using reinforcement learning and shaping. In \textit{Proceedings of the Fifteenth International Conference on Machine Learning}, pages 463--471."
}
@customa{RangelCamererMontague2008,
  author = "Rangel, A. and Camerer, C. and Montague, P. R.",
    year = 2008,
    note = "A framework for studying the neurobiology of value-based decision making. \textit{Nature Reviews Neuroscience}, 9(7):545--556."
}
@customa{RangelHare2010,
  author = "Rangel, A. and Hare, T.",
    year = 2010,
    note = "Neural computations associated with goal-directed choice. \textit{Current opinion in neurobiology}, 20(2):262--270."
}
@customa{Ratcliff1990,
  author = "Ratcliff, R.",
    year = 1990,
    note = "Connectionist models of recognition memory: Constraints imposed by learning and forgetting functions. \textit{Psychological review 97}(2), 285--308."
}
@customa{ReddyCelaniSejnowskiVergassola2016,
  author = "Reddy, G. and Celani, A. and Sejnowski, T. J. and Vergassola, M.",
    year = 2016,
    note = "Learning to soar in turbulent environments. \textit{Proceedings of the National Academy of Sciences}, 113(33):E4877--E4884."
}
@customa{RedgraveGurney2006,
  author = "Redgrave, P. and Gurney, K.",
    year = 2006,
    note = "The short-latency dopamine signal: a role in discovering novel actions? \textit{Nature Reviews Neuroscience}, 7:967--975."
}
@customa{Redish2004,
  author = "Redish, D. A.",
    year = 2004,
    note = "Addiction as a computational process gone awry. \textit{Science}, 306(5703):1944--1947."
}
@customa{Reetz1977,
  author = "Reetz, D.",
    year = 1977,
    note = "Approximate solutions of a discounted Markovian decision process. \textit{Bonner Mathematische Schriften}, 98:77--92."
}
@customa{RescorlaWagner1972,
  author = "Rescorla, R. A. and Wagner, A. R.",
    year = 1972,
    note = "A theory of Pavlovian conditioning: Variations in the effectiveness of reinforcement and nonreinforcement. In Black, A. H. and Prokasy, W. F., editors, \textit{Classical Conditioning II}, pages 64--99. Appleton-Century-Crofts, New York."
}
@customa{RevuskyGarcia1970,
  author = "Revusky, S. and Garcia, J.",
    year = 1970,
    note = "Learned associations over long delays. In Bower, G., editor, \textit{The psychology of learning and motivation}, volume 4, pages 1--84. Academic Press, Inc., New York."
}
@customa{ReynoldsWickens2002,
  author = "Reynolds, J. N. J. and Wickens, J. R.",
    year = 2002,
    note = "Dopamine-dependent plasticity of corticostriatal synapses. \textit{Neural Networks}, 15(4):507--521."
}
@customa{Ring1994,
  author = "Ring, M. B.",
    year = 1994,
    note = "\textit{Continual Learning in Reinforcement Environments}. Ph.D. thesis, University of Texas, Austin."
}
@customa{Ripley2007,
  author = "Ripley, B. D.",
    year = 2007,
    note = "\textit{Pattern Recognition and Neural Networks}. Cambridge University Press."
}
@customb{RivestSchapire1987,
  author = "Rivest, R. L. and Schapire, R. E.",
    year = 1987,
    note = "Diversity-based inference of finite automata. In \textit{Proceedings of the Twenty-Eighth Annual Symposium on Foundations of Computer Science}, pp. 78--87. Computer Society Press of the IEEE, Washington, DC."
}
@customa{Rixner2004,
  author = "Rixner, S.",
    year = 2004,
    note = "Memory controller optimizations for web servers. In \textit{Proceedings of the 37th annual IEEE/ACM International Symposium on Microarchitecture}, pages 355--366. IEEE Computer Society."
}
@customa{Robbins1952,
  author = "Robbins, H.",
    year = 1952,
    note = "Some aspects of the sequential design of experiments. \textit{Bulletin of the American Mathematical Society}, 58:527--535."
}
@customa{Robertie1992,
  author = "Robertie, B.",
    year = 1992,
    note = "Carbon versus silicon: Matching wits with TD-Gammon. \textit{Inside Backgammon}, 2:14--22."
}
@customa{RoeschCaluSchoenbaum2007,
  author = "Roesch, M. R. and Calu, D. J. and Schoenbaum, G.",
    year = 2007,
    note = "Dopamine neurons encode the better option in rats deciding between differently delayed or sized rewards. \textit{Nature Neuroscience}, 10(12):1615--1624."
}
@customa{RomoSchultz1990,
  author = "Romo, R. and Schultz, W.",
    year = 1990,
    note = "Dopamine neurons of the monkey midbrain: Contingencies of responses to active touch during self-initiated arm movements. \textit{Journal of Neurophysiology}, 63(3):592--624."
}
@customa{Rosenblatt1962,
  author = "Rosenblatt, F.",
    year = 1962,
    note = "\textit{Principles of Neurodynamics: Perceptrons and the Theory of Brain Mechanisms}. Spartan Books, Washington, DC."
}
@customa{Ross1983,
  author = "Ross, S.",
    year = 1983,
    note = "\textit{Introduction to Stochastic Dynamic Programming}. Academic Press, New York."
}
@customa{Ross1933,
  author = "Ross, T.",
    year = 1933,
    note = "Machines that think. \textit{Scientific American}, pages 206--208."
}
@customa{Rubinstein1981,
  author = "Rubinstein, R. Y.",
    year = 1981,
    note = "\textit{Simulation and the Monte Carlo Method}. Wiley, New York."
}
@customb{RumelhartHintonWilliams1986,
  author = "Rumelhart, D. E. and Hinton, G. E. and Williams, R. J.",
    year = 1986,
    note = "Learning internal representations by error propagation. In D. E. Rumelhart and J. L. McClelland (eds.), \textit{Parallel Distributed Processing: Explorations in the Microstructure of Cognition}, vol. I, \textit{Foundations}. Bradford/MIT Press, Cambridge, MA."
}
@customa{Rummery1995,
  author = "Rummery, G. A.",
    year = 1995,
    note = "\textit{Problem Solving with Reinforcement Learning}. Ph.D. thesis, Cambridge University."
}
@customb{RummeryNiranjan1994,
  author = "Rummery, G. A. and Niranjan, M.",
    year = 1994,
    note = "On-line Q-learning using connectionist systems. Technical Report CUED/F-INFENG/TR 166. Engineering Department, Cambridge University."
}
@customa{Ruppert1988,
  author = "Ruppert, D.",
    year = 1988,
    note = "Efficient estimations from a slowly convergent Robbins-Monro process. Cornell University Operations Research and Industrial Engineering Technical Report No. 781."
}
@customb{RussellNorvig2010,
  author = "Russell, S. and Norvig, P.",
    year = 2010,
    note = "\textit{Artificial Intelligence: A Modern Approach}, 3rd edition. Prentice-Hall, Englewood Cliffs, NJ."
}
@customa{Rust1996,
  author = "Rust, J.",
    year = 1996,
    note = "Numerical dynamic programming in economics. In H. Amman, D. Kendrick, and J. Rust (eds.), \textit{Handbook of Computational Economics}, pp. 614--722. Elsevier, Amsterdam."
}
@customa{RyanDeci2000,
  author = "Ryan, R. M. and Deci, E. L.",
    year = 2000,
    note = "Intrinsic and extrinsic motivations: Classic definitions and new directions. \textit{Contemporary Educational Psychology}, 25(1):54--67."
}
@customa{SaddorisCacciapagliaWightmmanCarelli2015,
  author = "Saddoris, M. P. and Cacciapaglia, F. and Wightmman, R. M. and Carelli, R. M.",
    year = 2015,
    note = "Differential dopamine release dynamics in the nucleus accumbens core and shell reveal complementary signals for error prediction and incentive motivation. \textit{The Journal of Neuroscience}, 35(33):11572--11582."
}
@customa{SaksidaRaymondTouretzky1997,
  author = "Saksida, L. M. and Raymond, S. M. and Touretzky, D. S.",
    year = 1997,
    note = "Shaping robot behavior using principles from instrumental conditioning. \textit{Robotics and Autonomous Systems}, 22(3):231--249."
}
@customa{Samuel1959,
  author = "Samuel, A. L.",
    year = 1959,
    note = "Some studies in machine learning using the game of checkers. \textit{IBM Journal on Research and Development}, 3:211--229. Reprinted in E. A. Feigenbaum and J. Feldman (eds.), \textit{Computers and Thought}, pp. 71--105. McGraw-Hill, New York, 1963."
}
@customa{Samuel1967,
  author = "Samuel, A. L.",
    year = 1967,
    note = "Some studies in machine learning using the game of checkers. II---Recent progress. \textit{IBM Journal on Research and Development}, 11:601--617."
}
% correction: A, and B
@customa{SchaalAtkeson1994,
  author = "Schaal, S. and Atkeson, C. G.",
    year = 1994,
    note = "Robot juggling: Implementation of memory-based learning. \textit{IEEE Control Systems 14}(1):57--71."
}
@customa{Schmajuk2008,
  author = "Schmajuk, N. A.",
    year = 2008,
    note = "Computational models of classical conditioning. \textit{Scholarpedia}, 3(3):1664."
}
@customa{Schmidhuber1991a,
  author = "Schmidhuber, J.",
    year = 1991,
    note = "Adaptive confidence and adaptive curiosity. Technical Report FKI-149-91, Institut für Informatik, Technische Universität München, Arcisstr. 21, 800 München 2, Germany."
}
@customa{Schmidhuber1991b,
  author = "Schmidhuber, J.",
    year = 1991,
    note = "A possibility for implementing curiosity and boredom in model-building neural controllers. In \textit{From Animals to Animats: Proceedings of the First International Conference on Simulation of Adaptive Behavior}, pages 222--227, Cambridge, MA. MIT Press."
}
@customa{Schmidhuber2009,
  author = "Schmidhuber, J.",
    year = 2009,
    note = "Driven by compression progress: A simple principle explains essential aspects of subjective beauty, novelty, surprise, interestingness, attention, curiosity, creativity, art, science, music, jokes. In Pezzulo, G., Butz, M. V., Sigaud, O., and Baldassarre, G., editors, \textit{Anticipatory Behavior in Adaptive Learning Systems. From Psychological Theories to Artificial Cognitive Systems}, pages 48--76. Springer, Berlin."
}
@customa{Schmidhuber2015,
  author = "Schmidhuber, J.",
    year = 2015,
    note = "Deep learning in neural networks: An overview. \textit{Neural Networks 61}, 85--117."
}
@customa{SchmidhuberStorckHochreiter1994,
  author = "Schmidhuber, J. and Storck, J. and Hochreiter, S.",
    year = 1994,
    note = "Reinforcement driven information acquisition in nondeterministic environments. Technical report, Fakultät für Informatik, Technische Universität München, München, Germany."
}
@customb{SchultzMelsa1967,
  author = "Schultz, D. G. and Melsa, J. L.",
    year = 1967,
    note = "\textit{State Functions and Linear Control Systems}. McGraw-Hill, New York."
}
@customa{Schultz1998,
  author = "Schultz, W.",
    year = 1998,
    note = "Predictive reward signal of dopamine neurons. \textit{Journal of Neurophysiology}, 80:1--27."
}
@customa{SchultzApicellaLjungberg1993,
  author = "Schultz, W. and Apicella, P. and Ljungberg, T.",
    year = 1993,
    note = "Responses of monkey dopamine neurons to reward and conditioned stimuli during successive steps of learning a delayed response task. \textit{Journal of Neuroscience 13}(3):900--913."
}
@customb{SchultzDayanMontague1997,
  author = "Schultz, W. and Dayan, P. and Montague, P. R.",
    year = 1997,
    note = "A neural substrate of prediction and reward. \textit{Science}, 275:1593--1598."
}
@customa{SchultzRomo1990,
  author = "Schultz, W. and Romo, R.",
    year = 1990,
    note = "Dopamine neurons of the monkey midbrain: contingencies of responses to stimuli eliciting immediate behavioral reactions. \textit{Journal of Neurophysiology}, 63(3):607--624."
}
% correction: MIT Press Cambridge MA -> MIT Press, Cambridge MA
@customa{SchultzEt1995,
  author = "Schultz, W. and Romo, R. and Ljungberg, T. and Mirenowicz, J. and Hollerman, J. R. and Dickinson, A.",
    year = 1995,
    note = "Reward-related signals carried by dopamine neurons. In Houk, Davis, and Beiser (Eds.) \textit{Models of Information Processing in the Basal Ganglia}, pp. 233--248. MIT Press, Cambridge MA."
}
@customa{Schumaker1976,
  author = "Schumaker, L. L.",
    year = 1976,
    note = "\textit{Fitting Surfaces to Scattered Data}. University of Texas at Austin, Dept.\ of Mathematics."
}
@customa{Schwartz1993,
  author = "Schwartz, A.",
    year = 1993,
    note = "A reinforcement learning method for maximizing undiscounted rewards. In \textit{Proceedings of the Tenth International Conference on Machine Learning}, pp. 298--305.  Morgan Kaufmann, San Mateo, CA."
}
@customb{SchweitzerSeidmann1985,
  author = "Schweitzer, P. J. and Seidmann, A.",
    year = 1985,
    note = "Generalized polynomial approximations in Markovian decision processes. \textit{Journal of Mathematical Analysis and Applications}, 110:568--582."
}
@customa{Selfridge1978,
  author = "Selfridge, O. G.",
    year = 1978,
    note = "Tracking and trailing: Adaptation in movement strategies. Technical report, Bolt Beranek and Newman, Inc. Unpublished report."
}
@customa{Selfridge1984,
  author = "Selfridge, O. G.",
    year = 1984,
    note = "Some themes and primitives in ill-defined systems. In Selfridge, O. G., Rissland, E. L., and Arbib, M. A., editors, \textit{Adaptive Control of Ill-Defined Systems}, pages 21--26. Plenum Press, NY. Proceedings of the NATO Advanced Research Institute on Adaptive Control of Ill-defined Systems, NATO Conference Series II, Systems Science, Vol. 16."
}
@customb{SelfridgeSuttonBarto1985,
  author = "Selfridge, O. J. and Sutton, R. S. and Barto, A. G.",
    year = 1985,
    note = "Training and tracking in robotics. In A. Joshi (ed.), \textit{Proceedings of the Ninth International Joint Conference on Artificial Intelligence}, pp. 670--672. Morgan Kaufmann, San Mateo, CA."
}
@customa{SeoBarracloughLee2007,
  author = "Seo, H. and Barraclough, D. and Lee, D.",
    year = 2007,
    note = "Dynamic signals related to choices and outcomes in the dorsolateral prefrontal cortex. \textit{Cerebral Cortex}, 17(suppl 1):110--117."
}
@customa{Seung2003,
  author = "Seung, H. S.",
    year = 2003,
    note = "Learning in spiking neural networks by reinforcement of stochastic synaptic transmission. \textit{Neuron}, 40(6):1063--1073."
}
@customa{Shah2012,
  author = "Shah, A.",
    year = 2012,
    note = "Psychological and neuroscientific connections with reinforcement learning.  In Wiering, M. and van Otterlo, M., editors, \textit{Reinforcement Learning: State of the Art}, pages 507--537. Springer-Verlag, Berlin."
}
@customa{Shannon1950,
  author = "Shannon, C. E.",
    year = 1950,
    note = "Programming a computer for playing chess. \textit{Philosophical Magazine}, 41:256--275."
}
@customa{Shannon1951,
  author = "Shannon, C. E.",
    year = 1951,
    note = "Presentation of a maze-solving machine. In Forester, H. V., editor, \textit{Cybernetics. Transactions of the Eighth Conference}, pages 173--180. Josiah Macy Jr.\ Foundation."
}
@customa{Shannon1952,
  author = "Shannon, C. E.",
    year = 1952,
    note = "``Theseus'' maze-solving mouse. \url{http://cyberneticzoo.com/mazesolvers/1952-–-theseus-maze-solving-mouse-–-claude-shannon-american/}."
}
@customa{Shelton2001,
  author = "Shelton, C. R.",
    year = 2001,
    note = "\textit{Importance Sampling for Reinforcement Learning with Multiple Objectives}. PhD thesis, Massachusetts Institute of Technology."
}
@customa{Shepard1968,
  author = "Shepard, D.",
    year = 1968,
    note = "A two-dimensional interpolation function for irregularly-spaced data. In \textit{Proceedings of the 23rd ACM National Conference}, pp. 517--524. ACM."
}
@customb{ShermanMorrison1949,
  author = "Sherman, J. and Morrison, W. J.",
    year = 1949,
    note = "Adjustment of an inverse matrix corresponding to changes in the elements of a given column or a given row of the original matrix (abstract). \textit{Annals of Mathematical Statistics 20}:621."
}
@customb{ShewchukDean1990,
  author = "Shewchuk, J. and Dean, T.",
    year = 1990,
    note = "Towards learning time-varying functions with high input dimensionality. In \textit{Proceedings of the Fifth IEEE International Symposium on Intelligent Control}, pp. 383--388. IEEE Computer Society Press, Los Alamitos, CA."
}
% correction: 5-6 -> 5--6
@customa{Shimansky2009,
  author = "Shimansky, Y. P.",
    year = 2009,
    note = "Biologically plausible learning in neural networks: a lesson from bacterial chemotaxis. \textit{Biological Cybernetics}, 101(5--6):379--385."
}
@customb{SiBartoPowellWunsch2004,
  author = "Si, J. and Barto, A. and Powell, W. and Wunsch, D. (Eds.).",
    year = 2004,
    note = "\textit{Handbook of learning and approximate dynamic programming}. John Wiley and Sons."
}
@customa{Silver2009,
  author = "Silver, D.",
    year = 2009,
    note = "\textit{Reinforcement learning and simulation based search in the game of Go}. University of Alberta Doctoral dissertation."
}
@customa{SilverEt2016,
  author = "Silver, D. and Huang, A. and Maddison, C. J. and Guez, A. and Sifre, L. and {van den Driessche}, G. and Schrittwieser, J. and Antonoglou, I. and Panneershelvam, V. and Lanctot, M. and Dieleman, S. and Grewe, D. and Nham, J. and Kalchbrenner, N. and Sutskever, I. and Lillicrap, T. and Leach, M. and Kavukcuoglu, K. and Graepel, T. and Hassabis, D.",
    year = 2016,
    note = "Mastering the game of go with deep neural networks and tree search. \textit{Nature}, 529(7587):484--489."
}
@customb{SilverEt2014,
  author = "Silver, D. and Lever, G. and Heess, N. and Degris, T. and Wierstra, D. and Riedmiller, M.",
    year = 2014,
    note = "Deterministic policy gradient algorithms. In \textit{Proceedings of the 31st International Conference on Machine Learning} (ICML-14) (pp. 387--395)."
}
% correction: tetris-and -> tetris---and
@customa{SimsekAlgortaKothiyal2016,
  author = "Şimşek, Ö. and Algórta, S. and Kothiyal, A.",
    year = 2016,
    note = "Why most decisions are easy in tetris---and perhaps in other sequential decision problems, as well. \textit{Proceedings of 33rd International Conference on Machine Learning}."
}
@customa{Simon2000,
  author = "Simon, H.",
    year = 2000,
    note = "Lecture at the Earthware Symposium, Carnegie Mellon University. \url{https://www.youtube.com/watch?v=EZhyi-8DBjc}"
}
@customa{Singh1992a,
     key = "Singh, S. P.",
  author = "Singh, S. P.",
    year = 1992,
    note = "Reinforcement learning with a hierarchy of abstract models. In \textit{Proceedings of the Tenth National Conference on Artificial Intelligence}, pp. 202--207. AAAI/MIT Press, Menlo Park, CA."
}
@customa{Singh1992b,
     key = "Singh, S. P.",
  author = "Singh, S. P.",
    year = 1992,
    note = "Scaling reinforcement learning algorithms by learning variable temporal resolution models. In \textit{Proceedings of the Ninth International Machine Learning Conference}, pp. 406--415. Morgan Kaufmann, San Mateo, CA."
}
@customa{Singh1993,
     key = "Singh, S. P.",
  author = "Singh, S. P.",
    year = 1993,
    note = "\textit{Learning to Solve Markovian Decision Processes}. Ph.D. thesis, University of Massachusetts, Amherst. Appeared as CMPSCI Technical Report 93-77."
}
@customa{Singh2002,
     key = "Singh, S. P.",
  author = "Singh, S. P. (Ed.)",
    year = 2002,
    note = "Special double issue on reinforcement learning, \textit{Machine Learning 49}(2/3)."
}
@customa{SinghBartoChentanez2005,
     key = "Singh, S. P. and Barto, A. G. and Chentanez, N.",
  author = "Singh, S. and Barto, A. G. and Chentanez, N.",
    year = 2005,
    note = "Intrinsically motivated reinforcement learning. In \textit{Advances in Neural Information Processing Systems 17: Proceedings of the 2004 Conference}, pages 1281--1288, Cambridge MA. MIT Press."
}
@customb{SinghBertsekas1997,
     key = "Singh, S. P. and Bertsekas, D.",
  author = "Singh, S. P. and Bertsekas, D.",
    year = 1997,
    note = "Reinforcement learning for dynamic channel allocation in cellular telephone systems. In \textit{Advances in Neural Information Processing Systems: Proceedings of the 1996 Conference}, pp. 974--980. MIT Press, Cambridge, MA."
}
@customb{SinghJaakkolaJordan1994,
     key = "Singh, S. P. and Jaakkola, T. and Jordan, M. I.",
  author = "Singh, S. P. and Jaakkola, T. and Jordan, M. I.",
    year = 1994,
    note = "Learning without state-estimation in partially observable Markovian decision problems. In W. W. Cohen and H. Hirsch (eds.), \textit{Proceedings of the Eleventh International Conference on Machine Learning}, pp. 284--292. Morgan Kaufmann, San Francisco."
}
@customb{SinghJaakkolaJordan1995,
     key = "Singh, S. P. and Jaakkola, T. and Jordan, M. I.",
  author = "Singh, S. P. and Jaakkola, T. and Jordan, M. I.",
    year = 1995,
    note = "Reinforcement learing with soft state aggregation. In G. Tesauro, D. S. Touretzky, T. Leen (eds.), \textit{Advances in Neural Information Processing Systems: Proceedings of the 1994 Conference}, pp. 359--368. MIT Press, Cambridge, MA."
}
% correction: Singh, S., Jaakkola, T., Littman, M. L., and Szepesvri, C. (2000) / Singh, S. P., Jaakkola, T., Jordan, M. I. (1995) -> Singh, S. P., Jaakkola, T., Jordan, M. I. (1995) / Singh, S., Jaakkola, T., Littman, M. L., and Szepesvri, C. (2000)
% correction: Szepesvri, C. -> Szepesvári, C.
@customa{SinghJaakkolaLittmanSzepesvri2000,
     key = "Singh, S. P. and Jaakkola, T. and Littman, M. L. and Szepesvri, C.",
  author = "Singh, S. and Jaakkola, T. and Littman, M. L. and Szepesvári, C.",
    year = 2000,
    note = "Convergence results for single-step on-policy reinforcement-learning algorithms. \textit{Machine learning 38}(3), 287--308."
}
@customa{SinghLewisBarto2009,
     key = "Singh, S. P. and Lewis, R. L. and Barto, A. G.",
  author = "Singh, S. and Lewis, R. L. and Barto, A. G.",
    year = 2009,
    note = "Where do rewards come from? In Taatgen, N. and van Rijn, H., editors, \textit{Proceedings of the 31st Annual Conference of the Cognitive Science Society}, pages 2601--2606. Cognitive Science Society."
}
@customa{SinghLewisBartoSorg2010,
     key = "Singh, S. P. and Lewis, R. L. and Barto, A. G. and Sorg, J.",
  author = "Singh, S. and Lewis, R. L. and Barto, A. G. and Sorg, J.",
    year = 2010,
    note = "Intrinsically motivated reinforcement learning: An evolutionary perspective. \textit{IEEE Transactions on Autonomous Mental Development}, 2(2):7082. Special issue on Active Learning and Intrinsically Motivated Exploration in Robots: Advances and Challenges."
}
@customb{SinghSutton1996,
     key = "Singh, S. P. and Sutton, R. S.",
  author = "Singh, S. P. and Sutton, R. S.",
    year = 1996,
    note = "Reinforcement learning with replacing eligibility traces. \textit{Machine Learning}, 22:123--158."
}
@customb{SivarajanMcElieceKetchum1990,
  author = "Sivarajan, K. N. and McEliece, R. J. and Ketchum, J. W.",
    year = 1990,
    note = "Dynamic channel assignment in cellular radio. In \textit{Proceedings of the 40th Vehicular Technology Conference}, pp. 631--637."
}
@customa{Skinner1938,
  author = "Skinner, B. F.",
    year = 1938,
    note = "\textit{The Behavior of Organisms: An Experimental Analysis}. Appleton-Century, New York."
}
@customa{Skinner1958,
  author = "Skinner, B. F.",
    year = 1958,
    note = "Reinforcement today. \textit{American Psychologist}, 13(3):94--99."
}
@customa{Skinner1981,
  author = "Skinner, B. F.",
    year = 1981,
    note = "Selection by consequences. \textit{Science 213}(4507):501--504."
}
@customa{SmithGreybiel2013,
  author = "Smith, K. S. and Greybiel, A. M.",
    year = 2013,
    note = "A dual operator view of habitual behavior reflecting cortical and striatal dynamics. \textit{Neuron}, 79(2):361--374."
}
@customb{SofgeWhite1992,
  author = "Sofge, D. A. and White, D. A.",
    year = 1992,
    note = "Applied learning: Optimal control for manufacturing. In D. A. White and D. A. Sofge (eds.), \textit{Handbook of Intelligent Control: Neural, Fuzzy, and Adaptive Approaches}, pp. 259--281. Van Nostrand Reinhold, New York."
}
% correction: Problem:Designing -> Problem: Designing
@customa{Sorg2011,
  author = "Sorg, J. D.",
    year = 2011,
    note = "\textit{The Optimal Reward Problem: Designing Effective Reward for Bounded Agents}. PhD thesis, Computer Science and Engineering, The University of Michigan."
}
@customa{SorgLewisSingh2010,
  author = "Sorg, J. and Lewis, R. L. and Singh, S. P.",
    year = 2010,
    note = "Reward design via online gradient ascent. In \textit{Advances in Neural Information Processing Systems}, pp. 2190--2198."
}
@customa{SorgSinghLewis2010,
  author = "Sorg, J. and Singh, S. and Lewis, R.",
    year = 2010,
    note = "Internal rewards mitigate agent boundedness. In \textit{Proceedings of the 27th International Conference on Machine Learning (ICML)}, pages 1007--1014."
}
@customa{Spaan2012,
  author = "Spaan, M. T.",
    year = 2012,
    note = "Partially observable Markov decision processes. In Wiering and van Otterlo (Eds.) \textit{Reinforcement Learning: State-of-the Art}, pp. 387--414. Springer Berlin Heidelberg."
}
@customa{Spence1947,
  author = "Spence, K. W.",
    year = 1947,
    note = "The role of secondary reinforcement in delayed reward learning. \textit{Psychological Review}, 54(1):1--8."
}
% correction: 2356-2361 -> 2356--2361
@customa{Spong1994,
  author = "Spong, M. W.",
    year = 1994,
    note = "Swing up control of the acrobot. In \textit{Proceedings of the 1994 IEEE Conference on Robotics and Automation}, pp. 2356--2361. IEEE Computer Society Press, Los Alamitos, CA."
}
@customa{SrivastavaEt2014,
  author = "Srivastava, N. and Hinton, G. and Krizhevsky, A. and Sutskever, I. and Salakhutdinov, R.",
    year = 2014,
    note = "Dropout: A simple way to prevent neural networks from overfitting. \textit{The Journal of Machine Learning Research}, 15(1):1929--1958."
}
@customa{Staddon1983,
  author = "Staddon, J. E. R.",
    year = 1983,
    note = "\textit{Behavior and Learning}. Cambridge University Press, Cambridge."
}
% correction: A, and B
@customa{StanfillWaltz1986,
  author = "Stanfill, C. and Waltz, D.",
    year = 1986,
    note = "Toward memory-based reasoning. \textit{Communications of the ACM 29}(12):1213--1228."
}
@customa{SteinbergEt2013,
  author = "Steinberg, E. E. and Keiflin, R. and Boivin, J. R. and Witten, I. B. and Deisseroth, K. and Janak, P. H.",
    year = 2013,
    note = "A causal link between prediction errors, dopamine neurons and learning. \textit{Nature Neuroscience}, 16(7):966--973."
}
@customa{SterlingLaughlin2015,
  author = "Sterling, P. and Laughlin, S.",
    year = 2015,
    note = "\textit{Principles of Neural Design}. MIT Press, Cambridge, MA."
}
% correction: \textit{Paris, France} -> Paris, France
@customa{StorckHochreiterSchmidhuber1995,
  author = "Storck, J. and Hochreiter, S. and Schmidhuber, J.",
    year = 1995,
    note = "Reinforcement-driven information acquisition in non-deterministic environments. In \textit{Proceedings of ICANN'95}, Paris, France, volume 2, pages 159--164."
}
@customb{SugiyamaHachiyaMorimura2013,
  author = "Sugiyama, M. and Hachiya, H. and Morimura, T.",
    year = 2013,
    note = "\textit{Statistical Reinforcement Learning: Modern Machine Learning Approaches}. Chapman \& Hall/CRC."
}
@customa{SuriBargasArbib2001,
  author = "Suri, R. E. and Bargas, J. and Arbib, M. A.",
    year = 2001,
    note = "Modeling functions of striatal dopamine modulation in learning and planning. \textit{Neuroscience}, 103(1):65--85."
}
@customa{SuriSchultz1998,
  author = "Suri, R. E. and Schultz, W.",
    year = 1998,
    note = "Learning of sequential movements by neural network model with dopamine-like reinforcement signal. \textit{Experimental Brain Research}, 121(3):350--354."
}
@customa{SuriSchultz1999,
  author = "Suri, R. E. and Schultz, W.",
    year = 1999,
    note = "A neural network model with dopamine-like reinforcement
signal that learns a spatial delayed response task. \textit{Neuroscience}, 91(3):871--890."
}
@customa{Sutton1978a,
     key = "Sutton, R. S.",
  author = "Sutton, R. S.",
    year = 1978,
    note = "Learning theory support for a single channel theory of the brain. Unpublished report."
}
@customa{Sutton1978b,
  author = "Sutton, R. S.",
    year = 1978,
    note = "Single channel theory: A neuronal theory of learning. \textit{Brain Theory Newsletter}, 4:72--75. Center for Systems Neuroscience, University of Massachusetts, Amherst, MA."
}
@customa{Sutton1978c,
     key = "Sutton, R. S.",
  author = "Sutton, R. S.",
    year = 1978,
    note = "A unified theory of expectation in classical and instrumental conditioning. Bachelors thesis, Stanford University."
}
@customa{Sutton1984,
     key = "Sutton, R. S.",
  author = "Sutton, R. S.",
    year = 1984,
    note = "\textit{Temporal Credit Assignment in Reinforcement Learning}. Ph.D. thesis, University of Massachusetts, Amherst."
}
@customa{Sutton1988,
     key = "Sutton, R. S.",
  author = "Sutton, R. S.",
    year = 1988,
    note = "Learning to predict by the method of temporal differences. \textit{Machine Learning}, 3:9--44."
}
@customa{Sutton1990,
     key = "Sutton, R. S.",
  author = "Sutton, R. S.",
    year = 1990,
    note = "Integrated architectures for learning, planning, and reacting based on approximating dynamic programming. In \textit{Proceedings of the Seventh International Conference on Machine Learning}, pp. 216--224. Morgan Kaufmann, San Mateo, CA."
}
@customa{Sutton1991a,
     key = "Sutton, R. S.",
  author = "Sutton, R. S.",
    year = 1991,
    note = "Dyna, an integrated architecture for learning, planning, and reacting. \textit{SIGART Bulletin}, 2:160--163. ACM Press."
}
@customa{Sutton1991b,
     key = "Sutton, R. S.",
  author = "Sutton, R. S.",
    year = 1991,
    note = "Planning by incremental dynamic programming. In L. A. Birnbaum and G. C. Collins (eds.), \textit{Proceedings of the Eighth International Workshop on Machine Learning}, pp. 353--357. Morgan Kaufmann, San Mateo, CA."
}
@customa{Sutton1992,
     key = "Sutton, R. S.",
  author = "Sutton, R. S. (Ed.)",
    year = 1992,
    note = "\textit{Reinforcement Learning}. Kluwer Academic Press. Reprinting of a special double issue on reinforcement learning, \textit{Machine Learning 8}(3/4)."
}
@customa{Sutton1995a,
     key = "Sutton, R. S.",
  author = "Sutton, R. S.",
    year = 1995,
    note = "TD models: Modeling the world at a mixture of time scales. In A. Prieditis and S. Russell (eds.), \textit{Proceedings of the Twelfth International Conference on Machine Learning}, pp. 531--539. Morgan Kaufmann, San Francisco."
}
@customa{Sutton1995b,
     key = "Sutton, R. S.",
  author = "Sutton, R. S.",
    year = 1995,
    note = "On the virtues of linear learning and trajectory distributions. \textit{Proceedings of the Workshop on Value Function Approximation} at the International Conference on Machine Learning."
}
@customa{Sutton1996,
     key = "Sutton, R. S.",
  author = "Sutton, R. S.",
    year = 1996,
    note = "Generalization in reinforcement learning: Successful examples using sparse coarse coding. In D. S. Touretzky, M. C. Mozer and M. E. Hasselmo (eds.), \textit{Advances in Neural Information Processing Systems: Proceedings of the 1995 Conference}, pp. 1038--1044. MIT Press, Cambridge, MA."
}
@customa{Sutton2009,
     key = "Sutton, R. S.",
  author = "Sutton, R. S.",
    year = 2009,
    note = "The grand challenge of predictive empirical abstract knowledge. \textit{Working Notes of the IJCAI-09 Workshop on Grand Challenges for Reasoning from Experiences}."
}
@customa{Sutton2015a,
     key = "Sutton, R. S.",
  author = "Sutton, R. S.",
    year = 2015,
    note = "Introduction to reinforcement learning with function approximation. Tutorial at the Conference on Neural Information Processing Systems, Montreal, December 7, 2015."
}
@customa{Sutton2015b,
     key = "Sutton, R. S.",
  author = "Sutton, R. S.",
    year = 2015,
    note = "True online Emphatic TD($\lambda$): Quick reference and implementation guide. ArXiv:1507.07147. Code is available in Python and C++ by downloading the source files of this arXiv paper as a zip archive."
}
@customb{SuttonBarto1981a,
  author = "Sutton, R. S. and Barto, A. G.",
    year = 1981,
    note = "Toward a modern theory of adaptive networks: Expectation and prediction. \textit{Psychological Review}, 88:135--170."
}
@customb{SuttonBarto1981b,
  author = "Sutton, R. S. and Barto, A. G.",
    year = 1981,
    note = "An adaptive network that constructs and uses an internal model of its world. \textit{Cognition and Brain Theory}, 3:217--246."
}
@customb{SuttonBarto1987,
  author = "Sutton, R. S. and Barto, A. G.",
    year = 1987,
    note = "A temporal-difference model of classical conditioning. In \textit{Proceedings of the Ninth Annual Conference of the Cognitive Science Society}, pp. 355--378. Erlbaum, Hillsdale, NJ."
}
@customb{SuttonBarto1990,
  author = "Sutton, R. S. and Barto, A. G.",
    year = 1990,
    note = "Time-derivative models of Pavlovian reinforcement. In M. Gabriel and J. Moore (eds.), \textit{Learning and Computational Neuroscience: Foundations of Adaptive Networks}, pp. 497--537. MIT Press, Cambridge, MA."
}
@customa{SuttonEt2009,
  author = "Sutton, R. S. and Maei, H. R. and Precup, D. and Bhatnagar, S. and Silver, D. and Szepesvári, Cs. and Wiewiora, E.",
    year = 2009,
    note = "Fast gradient-descent methods for temporal-difference learning with linear function approximation. In \textit{Proceedings of the 26th Annual International Conference on Machine Learning}, pp. 993--1000. ACM."
}
@customa{SuttonMaeiSzepesvari2009,
  author = "Sutton, R. S. and Maei, H. R. and Szepesvári, Cs.",
    year = 2009,
    note = "A convergent $O(d^2)$ temporal-difference algorithm for off-policy learning with linear function approximation. In \textit{Advances in Neural Information Processing Systems}, pp. 1609--1616."
}
@customb{SuttonMahmoodPrecupHasselt2014,
  author = "Sutton, R. S. and Mahmood, A. R. and Precup, D. and {van Hasselt}, H.",
    year = 2014,
    note = "A new Q($\lambda$) with interim forward view and Monte Carlo equivalence. \textit{International Conference on Machine Learning 31. JMLR W\&CP 32}(2)."
}
@customb{SuttonMahmoodWhite2016,
  author = "Sutton, R. S. and Mahmood, A. R. and White, M.",
    year = 2016,
    note = "An emphatic approach to the problem of off-policy temporal-difference learning. \textit{Journal of Machine Learning Research 17}(73):1--29."
}
@customb{SuttonMcAllesterSinghMansour2000,
  author = "Sutton, R. S. and McAllester, D. A. and Singh, S. P. and Mansour, Y.",
    year = 2000,
    note = "Policy gradient methods for reinforcement learning with function approximation. In \textit{Advances in Neural Information Processing Systems 99}, pp. 1057--1063."
}
@customb{SuttonEt2011,
  author = "Sutton, R. S. and Modayil, J. and Delp, M. and Degris, T. and Pilarski, P. M. and White, A. and Precup, D.",
    year = 2011,
    note = "Horde: A scalable real-time architecture for learning knowledge from unsupervised sensorimotor interaction. In \textit{Proceedings of the Tenth International Conference on Autonomous Agents and Multiagent Systems}, pp. 761--768, Taipei, Taiwan."
}
@customb{SuttonPinette1985,
  author = "Sutton, R. S. and Pinette, B.",
    year = 1985,
    note = "The learning of world models by connectionist networks. In \textit{Proceedings of the Seventh Annual Conference of the Cognitive Science Society}, pp. 54--64."
}
@customa{SuttonPrecupSingh1999,
  author = "Sutton, R.S. and Precup, D. and Singh, S.",
    year = 1999,
    note = "Between MDPs and semi-MDPs: A framework for temporal abstraction in reinforcement learning. \textit{Artificial Intelligence 112}(1--2), 181--211"
}
@customb{SuttonSingh1994,
  author = "Sutton, R. S. and Singh, S.",
    year = 1994,
    note = "On bias and step size in temporal-difference learning. In \textit{Proceedings of the Eighth Yale Workshop on Adaptive and Learning Systems}, pp. 91--96. Center for Systems Science, Dunham Laboratory, Yale University, New Haven."
}
@customa{SuttonSinghMcAllester2000,
  author = "Sutton, R. S. and Singh, S. P. and McAllester, D. A.",
    year = 2000,
    note = "Comparing policy-gradient algorithms."
}
@customb{SuttonWhitehead1993,
  author = "Sutton, R. S. and Whitehead, D. S.",
    year = 1993,
    note = "Online learning with random representations. In \textit{Proceedings of the Tenth International Machine Learning Conference}, pp. 314--321. Morgan Kaufmann, San Mateo, CA."
}
@customa{Szepesvari2010,
  author = "Szepesvári, C.",
    year = 2010,
    note = "Algorithms for reinforcement learning. Synthesis Lectures on Artificial Intelligence and Machine Learning 4(1), 1--103."
}
% correction: 539-577 -> 539--577
@customa{Szita2012,
  author = "Szita, I.",
    year = 2012,
    note = "Reinforcement learning in games. In \textit{Reinforcement Learning} (pp. 539--577). Springer Berlin Heidelberg."
}
@customb{TadepalliOk1994,
  author = "Tadepalli, P. and Ok, D.",
    year = 1994,
    note = "H-learning: A reinforcement learning method to optimize undiscounted average reward. Technical Report 94-30-01. Oregon State University, Computer Science Department, Corvallis."
}
% correction: A, and B
@customa{TadepalliOk1996,
  author = "Tadepalli, P. and Ok, D.",
    year = 1996,
    note = "Scaling up average reward reinforcement learning by approximating the domain models and the value function. In \textit{International Conference on Machine Learning}, pp. 471--479."
}
@customa{TakahashiSchoenbaumNiv2008,
  author = "Takahashi, Y. and Schoenbaum, G. and Niv, Y.",
    year = 2008,
    note = "Silencing the critics: understanding the effects of cocaine sensitization on dorsolateral and ventral striatum in the context of an actor/critic model. \textit{Frontiers in Neuroscience}, 2(1):86--99."
}
@customa{TambeNewellRosenbloom1990,
  author = "Tambe, M. and Newell, A. and Rosenbloom, P. S.",
    year = 1990,
    note = "The problem of expensive chunks and its solution by restricting expressiveness. \textit{Machine Learning 5}(3), 299--348."
}
@customa{Tan1991,
  author = "Tan, M.",
    year = 1991,
    note = "Learning a cost-sensitive internal representation for reinforcement learning.  In L. A. Birnbaum and G. C. Collins (eds.), \textit{Proceedings of the Eighth International Workshop on Machine Learning}, pp. 358--362. Morgan Kaufmann, San Mateo, CA."
}
@customa{Tan1993,
  author = "Tan, M.",
    year = 1993,
    note = "Multi-agent reinforcement learning: Independent vs.\ cooperative agents. In \textit{Proceedings of the Tenth International Conference on Machine Learning}, pp. 330--337. Morgan Kaufmann, San Mateo, CA."
}
% correction: A, and B
@customa{TaylorParr2009,
  author = "Taylor, G. and Parr, R.",
    year = 2009,
    note = "Kernelized value function approximation for reinforcement learning. In \textit{Proceedings of the 26th Annual International Conference on Machine Learning}, pp. 1017--1024. ACM."
}
% correction: A, and B
@customa{TaylorStone2009,
  author = "Taylor, M. E. and Stone, P.",
    year = 2009,
    note = "Transfer learning for reinforcement learning domains: A survey. \textit{Journal of Machine Learning Research 10}:1633--1685."
}
@customa{Tesauro1986,
     key = "Tesauro, G. J.",
  author = "Tesauro, G. J.",
    year = 1986,
    note = "Simple neural models of classical conditioning. \textit{Biological Cybernetics}, 55:187--200."
}
@customa{Tesauro1992,
     key = "Tesauro, G. J.",
  author = "Tesauro, G. J.",
  year = 1992,
note = "Practical issues in temporal difference learning. \textit{Machine Learning}, 8:257--277."
}
@customa{Tesauro1994,
     key = "Tesauro, G. J.",
  author = "Tesauro, G. J.",
    year = 1994,
    note = "TD-Gammon, a self-teaching backgammon program, achieves master-level play. \textit{Neural Computation}, 6(2):215--219."
}
@customa{Tesauro1995,
     key = "Tesauro, G. J.",
  author = "Tesauro, G. J.",
  year = 1995,
note = "Temporal difference learning and TD-Gammon. \textit{Communications of the ACM}, 38:58--68."
}
@customa{Tesauro2002,
     key = "Tesauro, G. J.",
  author = "Tesauro, G.",
    year = 2002,
    note = "Programming backgammon using self-teaching neural nets. \textit{Artificial Intelligence}, 134(1):181--199."
}
@customb{TesauroGalperin1997,
  author = "Tesauro, G. J. and Galperin, G. R.",
    year = 1997,
    note = "On-line policy improvement using Monte-Carlo search. In \textit{Advances in Neural Information Processing Systems: Proceedings of the 1996 Conference}, pp. 1068--1074. MIT Press, Cambridge, MA."
}
% correction: 16--1--16--11 -> 16:1--16:11
@customa{TesauroEt2012,
  author = "Tesauro, G. and Gondek, D. C. and Lechner, J. and Fan, J. and Prager, J. M.",
    year = 2012,
    note = "Simulation, learning, and optimization techniques in watson's game strategies. \textit{IBM Journal of Research and Development}, 56(3.4):16:1--16:11."
}
@customa{TesauroEt2013,
  author = "Tesauro, G. and Gondek, D. C. and Lechner, J. and Fan, J. and Prager, J. M.",
    year = 2013,
    note = "Analysis of \textsc{Watson}'s strategies for playing Jeopardy! \textit{Journal of Artificial Intelligence Research}, 21:205--251."
}
@customa{Tham1994,
  author = "Tham, C. K.",
    year = 1994,
    note = "\textit{Modular On-Line Function Approximation for Scaling up Reinforcement Learning}. PhD thesis, Cambridge University."
}
@customa{ThathacharSastry1985,
  author = "Thathachar, M. A. L. and Sastry, P. S.",
    year = 1985,
    note = "A new approach to the design of reinforcement schemes for learning automata. \textit{IEEE Transactions on Systems, Man, and Cybernetics}, 15:168--175."
}
@customa{ThathacharSastry2002,
  author = "Thathachar, M. and Sastry, P. S.",
    year = 2002,
    note = "Varieties of learning automata: an overview. \textit{IEEE Transactions on Systems, Man, and Cybernetics, Part B: Cybernetics}, 36(6):711--722."
}
@customa{ThathacharSastry2011,
  author = "Thathachar, M. and Sastry, P. S.",
    year = 2011,
    note = "\textit{Networks of learning automata: Techniques for online stochastic optimization}. Springer Science \& Business Media."
}
@customa{TheocharousThomasGhavamzadeh2015,
  author = "Theocharous, G. and Thomas, P. S. and Ghavamzadeh, M.",
    year = 2015,
    note = "Personalized ad recommendation for life-time value optimization guarantees. In \textit{Proceedings of the Twenty-Fourth International Joint Conference on Artificial Intelligence (IJCAI-15)}."
}
@customa{Thistlethwaite1951,
  author = "Thistlethwaite, D.",
    year = 1951,
    note = "A critical review of latent learning and related experiments. \textit{Psychological Bulletin}, 48(2):97--129."
}
% correction: actor--critic -> actor-critic
@customa{Thomas2014,
  author = "Thomas, P.",
    year = 2014,
    note = "Bias in natural actor-critic algorithms. \textit{International Conference on Machine Learning 31. JMLR W\&CP 32}(1):441--448."
}
@customa{Thomas2015,
  author = "Thomas, P. S.",
    year = 2015,
    note = "\textit{Safe Reinforcement Learning}. PhD thesis, University of Massachusetts Amherst."
}
@customa{ThomasTheocharousGhavamzadeh2015,
  author = "Thomas, P. S. and Theocharous, G. and Ghavamzadeh, M.",
    year = 2015,
    note = "High-confidence off-policy evaluation. In \textit{Proceedings of the Twenty-Ninth AAAI Conference on Artificial Intelligence}, pages 3000--3006. The AAAI Press, Palo Alto, CA."
}
@customa{Thompson1933,
  author = "Thompson, W. R.",
    year = 1933,
    note = "On the likelihood that one unknown probability exceeds another in view of the evidence of two samples. \textit{Biometrika}, 25:285--294."
}
@customa{Thompson1934,
  author = "Thompson, W. R.",
    year = 1934,
    note = "On the theory of apportionment. \textit{American Journal of Mathematics}, 57:450--457."
}
% correction: A, and B
@customa{ThonJaeger2015,
  author = "Thon, M. and Jaeger, H.",
    year = 2015,
    note = "Links between multiplicity automata, observable operator models and predictive state representations: a unified learning framework. \textit{The Journal of Machine Learning Research 16}(1), 103--147."
}
@customa{Thorndike1898,
  author = "Thorndike, E. L.",
    year = 1898,
    note = "Animal intelligence: An experimental study of the associative processes in animals. \textit{The Psychological Review, Series of Monograph Supplements}, II(4)."
}
@customa{Thorndike1911,
  author = "Thorndike, E. L.",
    year = 1911,
    note = "\textit{Animal Intelligence}. Hafner, Darien, CT."
}
@customa{Thorp1966,
  author = "Thorp, E. O.",
    year = 1966,
    note = "\textit{Beat the Dealer: A Winning Strategy for the Game of Twenty-One}. Random House, New York."
}
% to fix: (in preparation). -> (in preparation)
@customa{Tian2017,
  author = "Tian, T.",
    year = "in preparation",
    note = "An Empirical Study of Sliding-Step Methods in Temporal Difference Learning. University of Alberta MSc thesis."
}
@customa{TielemanHinton2012,
  author = "Tieleman, T. and Hinton, G.",
    year = 2012,
    note = "Lecture 6.5-rmsprop. COURSERA: Neural networks for machine learning."
}
@customa{ToblerFiorilloSchultz2005,
  author = "Tobler, P. N. and Fiorillo, C. D. and Schultz, W.",
    year = 2005,
    note = "Adaptive coding of reward value by dopamine neurons. \textit{Science}, 307(5715):1642--1645."
}
@customa{Tolman1932,
  author = "Tolman, E. C.",
    year = 1932,
    note = "\textit{Purposive Behavior in Animals and Men}. Century, New York."
}
@customa{Tolman1948,
  author = "Tolman, E. C.",
    year = 1948,
    note = "Cognitive maps in rats and men. \textit{Psychological Review}, 55(4):189--208."
}
@customa{TsaiEt2009,
  author = "Tsai, H.-S. and Zhang, F. and Adamantidis, A. and Stuber, G. D. and Bonci, A. and {de Lecea}, L. and Deisseroth, K.",
    year = 2009,
    note = "Phasic firing in dopaminergic neurons is surfacescient for behavioral conditioning. \textit{Science}, 324(5930):1080--1084."
}
@customa{Tsetlin1973,
  author = "Tsetlin, M. L.",
    year = 1973,
    note = "\textit{Automaton Theory and Modeling of Biological Systems}. Academic Press, New York."
}
@customa{Tsitsiklis1994,
  author = "Tsitsiklis, J. N.",
    year = 1994,
    note = "Asynchronous stochastic approximation and Q-learning. \textit{Machine Learning}, 16:185--202."
}
@customa{Tsitsiklis2002,
  author = "Tsitsiklis, J. N.",
    year = 2002,
    note = "On the convergence of optimistic policy iteration. \textit{Journal of Machine Learning Research}, 3:59--72."
}
@customa{TsitsiklisVanRoy1996,
  author = "Tsitsiklis, J. N. and Van Roy, B.",
    year = 1996,
    note = "Feature-based methods for large scale dynamic programming. \textit{Machine Learning}, 22:59--94."
}
@customb{TsitsiklisVanRoy1997,
  author = "Tsitsiklis, J. N. and Van Roy, B.",
    year = 1997,
    note = "An analysis of temporal-difference learning with function approximation. \textit{IEEE Transactions on Automatic Control}, 42:674--690."
}
@customb{TsitsiklisVanRoy1999,
  author = "Tsitsiklis, J. N. and Van Roy, B.",
    year = 1999,
    note = "Average cost temporal-difference learning. \textit{Automatica}, 35:1799--1808."
}
% correction: Turing, A. M. (1950) / Turing, A. M. (1948) -> Turing, A. M. (1948) / Turing, A. M. (1950)
@customa{Turing1948,
  author = "Turing, A. M.",
    year = 1948,
    note = "Intelligent Machinery, A Heretical Theory. \textit{The Turing Test: Verbal Behavior as the Hallmark of Intelligence}, 105."
}
@customa{Turing1950,
  author = "Turing, A. M.",
    year = 1950,
    note = "Computing machinery and intelligence. \textit{Mind} 433--460."
}
@customa{Ungar1990,
  author = "Ungar, L. H.",
    year = 1990,
    note = "A bioreactor benchmark for adaptive network-based process control. In W. T. Miller, R. S. Sutton, and P. J. Werbos (eds.), \textit{Neural Networks for Control}, pp. 387--402. MIT Press, Cambridge, MA."
}
@customa{UrbanczikSenn2009,
  author = "Urbanczik, R. and Senn, W.",
    year = 2009,
    note = "Reinforcement learning in populations of spiking neurons. \textit{Nature neuroscience}, 12(3):250--252."
}
@customb{UrbanowiczMoore2009,
  author = "Urbanowicz, R. J. and Moore, J. H.",
    year = 2009,
    note = "Learning classifier systems: A complete introduction, review, and roadmap. \textit{Journal of Artificial Evolution and Applications}."
}
@customa{ValentinDickinsonODoherty2007,
  author = "Valentin, V. V. and Dickinson, A. and O'Doherty, J. P.",
    year = 2007,
    note = "Determining the neural substrates of goal-directed learning in the human brain. \textit{The Journal of Neuroscience}, 27(15):4019--4026."
}
@customa{VanHasselt2010,
  author = "van Hasselt, H.",
    year = 2010,
    note = "Double Q-learning. In \textit{Advances in Neural Information Processing Systems}, pp. 2613--2621."
}
@customa{VanHasselt2011,
  author = "van Hasselt, H.",
    year = 2011,
    note = "\textit{Insights in Reinforcement Learning: Formal Analysis and Empircal Evaluation of Temporal-difference Learning}. SIKS dissertation series number 2011-04."
}
@customa{VanHasselt2012,
  author = "van Hasselt, H.",
    year = 2012,
    note = "Reinforcement learning in continuous state and action spaces. In Wiering and van Otterlo (Eds.) \textit{Reinforcement Learning: State-of-the Art}, pp. 207--251. Springer Berlin Heidelberg."
}
% correction: A, and B
@customa{VanHasseltSutton2015,
  author = "van Hasselt, H. and Sutton, R. S.",
    year = 2015,
    note = "Learning to predict independent of span. ArXiv 1508.04582."
}
@customa{VanOtterlo2009,
  author = "van Otterlo, M.",
    year = 2009,
    note = "\textit{The Logic of Adaptive Behavior}. IOS Press."
}
@customa{VanOtterlo2012,
  author = "van Otterlo, M.",
    year = 2012,
    note = "Solving relational and first-order logical markov decision processes: A survey. In Wiering and van Otterlo (Eds.) \textit{Reinforcement Learning: State-of-the Art}, pp. 253--292. Springer Berlin Heidelberg."
}
@customb{VanRoyBertsekasLeeTsitsiklis1997,
  author = "Van Roy, B. and Bertsekas, D. P. and Lee, Y. and Tsitsiklis, J. N.",
    year = 1997,
    note = "A neuro-dynamic programming approach to retailer inventory management. In \textit{Proceedings of the 36th IEEE Conference on Decision and Control}, Vol.\ 4, pp. 4052--4057."
}
@customa{VanSeijen2016,
  author = "{van Seijen}, H.",
    year = 2016,
    note = "Ective multi-step temporal-difference learning for non-linear function approximation. arXiv preprint arXiv:1608.05151."
}
% correction: A, and B
@customa{VanSeijenSutton2014,
  author = "{van Seijen}, H. and Sutton, R. S.",
    year = 2014,
    note = "True online TD($\lambda$). In \textit{Proceedings of the 31st International Conference on Machine Learning}. JMLR W\&CP 32(1):692--700."
}
% correction: Van Seijen -> van Seijen
@customa{VanSeijenEt2016,
  author = "{van Seijen}, H. and Mahmood, A. R. and Pilarski, P. M. and Machado, M. C. and Sutton, R. S.",
    year = 2016,
    note = "True online temporal-difference learning. \textit{Journal of Machine Learning Research 17}(145), 1--40."
}
% correction: Van Hasselt -> van Hasselt
@customb{VanSeijenVanHasseltWhitesonWiering2009,
  author = "{van Seijen}, H. and {van Hasselt}, H. and Whiteson, S. and Wiering, M.",
    year = 2009,
    note = "A theoretical and empirical analysis of Expected Sarsa. In \textit{IEEE Symposium on Adaptive Dynamic Programming and Reinforcement Learning}, pp. 177--184."
}
@customa{Varga1962,
  author = "Varga, R. S.",
    year = 1962,
    note = "\textit{Matrix Iterative Analysis}. Englewood Cliffs, NJ: Prentice-Hall."
}
@customa{VasilakiEt2009,
  author = "Vasilaki, E. and Frémaux, N. and Urbanczik, R. and Senn, W. and Gerstner, W.",
    year = 2009,
    note = "Spike-based reinforcement learning in continuous state and action space: when policy gradient methods fail. \textit{PLoS Computational Biology}, 5(12)."
}
@customa{ViswanathanNarendra1974,
  author = "Viswanathan, R. and Narendra, K. S.",
    year = 1974,
    note = "Games of stochastic automata. \textit{IEEE Transactions on Systems, Man, and Cybernetics}, 4:131--135."
}
@customa{VlassisGhavamzadehMannorPoupart2012,
  author = "Vlassis, N. and Ghavamzadeh, M. and Mannor, S. and Poupart, P.",
    year = 2012,
    note = "Bayesian reinforcement learning. In Wiering and van Otterlo (Eds.) \textit{Reinforcement Learning: State-of-the Art}, pp. 359--386. Springer Berlin Heidelberg."
}
% correction: missing entry
@customa{VonNeumannMorgenstern1944,
  author = "{von Neumann}, J. and Morgenstern, O.",
    year = 1944,
    note = "\textit{The Theory of Games and Economic Behavior}, Princeton University Press."
}
@customa{Walter1950,
  author = "Walter, W. G.",
    year = 1950,
    note = "An imitation of life. \textit{Scientific American}, pages 42--45."
}
@customa{Walter1951,
  author = "Walter, W. G.",
    year = 1951,
    note = "A machine that learns. \textit{Scientific American}, 185(2):60--63."
}
@customb{WaltzFu1965,
  author = "Waltz, M. D. and Fu, K. S.",
    year = 1965,
    note = "A heuristic approach to reinforcement learning control systems. \textit{IEEE Transactions on Automatic Control}, 10:390--398."
}
@customa{Watkins1989,
  author = "Watkins, C. J. C. H.",
    year = 1989,
    note = "\textit{Learning from Delayed Rewards}. Ph.D. thesis, Cambridge University."
}
@customb{WatkinsDayan1992,
  author = "Watkins, C. J. C. H. and Dayan, P.",
    year = 1992,
    note = "Q-learning. \textit{Machine Learning}, 8:279--292."
}
@customa{Werbos1974,
  author = "Werbos, P.",
    year = 1974,
    note = "Beyond regression: New tools for prediction and analysis in the behavioral sciences. Phd Thesis, Harvard University, Cambridge, Massachusetts."
}
@customa{Werbos1977,
  author = "Werbos, P. J.",
    year = 1977,
    note = "Advanced forecasting methods for global crisis warning and models of intelligence. \textit{General Systems Yearbook}, 22:25--38."
}
@customa{Werbos1982,
  author = "Werbos, P. J.",
    year = 1982,
    note = "Applications of advances in nonlinear sensitivity analysis. In R. F. Drenick and F. Kozin (eds.), \textit{System Modeling and Optimization}, pp. 762--770. Springer-Verlag, Berlin."
}
@customa{Werbos1987,
  author = "Werbos, P. J.",
    year = 1987,
    note = "Building and understanding adaptive systems: A statistical/numerical approach to factory automation and brain research. \textit{IEEE Transactions on Systems, Man, and Cybernetics}, 17:7--20."
}
@customa{Werbos1988,
  author = "Werbos, P. J.",
    year = 1988,
    note = "Generalization of back propagation with applications to a recurrent gas market model. \textit{Neural Networks}, 1:339--356."
}
@customa{Werbos1989,
  author = "Werbos, P. J.",
    year = 1989,
    note = "Neural networks for control and system identification. In \textit{Proceedings of the 28th Conference on Decision and Control}, pp. 260--265. IEEE Control Systems Society."
}
@customa{Werbos1990,
  author = "Werbos, P. J.",
    year = 1990,
    note = "Consistency of HDP applied to a simple reinforcement learning problem. \textit{Neural Networks}, 3:179--189."
}
@customa{Werbos1992,
  author = "Werbos, P. J.",
    year = 1992,
    note = "Approximate dynamic programming for real-time control and neural modeling. In D. A. White and D. A. Sofge (eds.), \textit{Handbook of Intelligent Control: Neural, Fuzzy, and Adaptive Approaches}, pp. 493--525. Van Nostrand Reinhold, New York."
}
@customa{Werbos1994,
  author = "Werbos, P. J.",
    year = 1994,
    note = "\textit{The Roots of Backpropagation: From Ordered Derivatives to Neural Networks and Political Forecasting} (Vol. 1). John Wiley and Sons."
}
@customa{White2015,
  author = "White, A.",
    year = 2015,
    note = "\textit{Developing a Predictive Approach to Knowledge}. Phd thesis, University of Alberta."
}
% correction: A, and B & order
@customa{WhiteWhite2016,
  author = "White, A. and White, M.",
    year = 2016,
    note = "Investigating practical linear temporal difference learning. In \textit{Proceedings of the 2016 International Conference on Autonomous Agents and Multiagent Systems}, pp. 494--502."
}
@customa{White1969,
  author = "White, D. J.",
    year = 1969,
    note = "\textit{Dynamic Programming}. Holden-Day, San Francisco."
}
@customa{White1985,
  author = "White, D. J.",
    year = 1985,
    note = "Real applications of Markov decision processes. \textit{Interfaces}, 15:73--83."
}
@customa{White1988,
  author = "White, D. J.",
    year = 1988,
    note = "Further real applications of Markov decision processes. \textit{Interfaces}, 18:55--61."
}
@customa{White1993,
  author = "White, D. J.",
    year = 1993,
    note = "A survey of applications of Markov decision processes. \textit{Journal of the Operational Research Society}, 44:1073--1096."
}
@customb{WhiteheadBallard1991,
  author = "Whitehead, S. D. and Ballard, D. H.",
    year = 1991,
    note = "Learning to perceive and act by trial and error. \textit{Machine Learning}, 7:45--83."
}
@customa{Whitt1978,
  author = "Whitt, W.",
    year = 1978,
    note = "Approximations of dynamic programs I. \textit{Mathematics of Operations Research}, 3:231--243."
}
@customa{Whittle1982,
  author = "Whittle, P.",
    year = 1982,
    note = "\textit{Optimization over Time}, vol. 1. Wiley, New York."
}
@customa{Whittle1983,
  author = "Whittle, P.",
    year = 1983,
    note = "\textit{Optimization over Time}, vol. 2. Wiley, New York."
}
@customa{WickensKotter1995,
  author = "Wickens, J. and Kötter, R.",
    year = 1995,
    note = "Cellular models of reinforcement. In Houk, J. C., Davis, J. L., and Beiser, D. G., editors, \textit{Models of Information Processing in the Basal Ganglia}, pages 187--214. MIT Press, Cambridge, MA."
}
@customb{WidrowGuptaMaitra1973,
  author = "Widrow, B. and Gupta, N. K. and Maitra, S.",
    year = 1973,
    note = "Punish/reward: Learning with a critic in adaptive threshold systems. \textit{IEEE Transactions on Systems, Man, and Cybernetics}, 3:455--465."
}
@customb{WidrowHoff1960,
  author = "Widrow, B. and Hoff, M. E.",
    year = 1960,
    note = "Adaptive switching circuits. In \textit{1960 WESCON Convention Record Part IV}, pp. 96--104. Institute of Radio Engineers, New York. Reprinted in J. A. Anderson and E. Rosenfeld, \textit{Neurocomputing: Foundations of Research}, pp. 126--134. MIT Press, Cambridge, MA, 1988."
}
@customb{WidrowSmith1964,
  author = "Widrow, B. and Smith, F. W.",
    year = 1964,
    note = "Pattern-recognizing control systems. In J. T. Tou and R. H. Wilcox (eds.), \textit{Computer and Information Sciences}, pp. 288--317. Spartan, Washington, DC."
}
@customb{WidrowStearns1985,
  author = "Widrow, B. and Stearns, S. D.",
    year = 1985,
    note = "\textit{Adaptive Signal Processing}. Prentice-Hall, Englewood Cliffs, NJ."
}
% correction: order
% correction: Van -> van
@customb{WieringVanOtterlo2012,
  author = "Wiering, M. and {van Otterlo}, M.",
    year = 2012,
    note = "\textit{Reinforcement Learning}. Springer Berlin Heidelberg."
}
@customa{Wiewiora2003,
  author = "Wiewiora, E.",
    year = 2003,
    note = "Potential-based shaping and Q-value initialization are equivalent. \textit{Journal of Artificial Intelligence Research 19}:205--208."
}
@customa{Williams1986,
  author = "Williams, R. J.",
    year = 1986,
    note = "Reinforcement learning in connectionist networks: A mathematical analysis. Technical Report ICS 8605. Institute for Cognitive Science, University of California at San Diego, La Jolla."
}
@customa{Williams1987,
  author = "Williams, R. J.",
    year = 1987,
    note = "Reinforcement-learning connectionist systems. Technical Report NU-CCS-87-3. College of Computer Science, Northeastern University, Boston."
}
@customa{Williams1988,
  author = "Williams, R. J.",
    year = 1988,
    note = "On the use of backpropagation in associative reinforcement learning. In \textit{Proceedings of the IEEE International Conference on Neural Networks}, pp. I263--I270. IEEE San Diego section and IEEE TAB Neural Network Committee."
}
@customa{Williams1992,
  author = "Williams, R. J.",
    year = 1992,
    note = "Simple statistical gradient-following algorithms for connectionist reinforcement learning. \textit{Machine Learning}, 8:229--256."
}
% correction: actor--critic -> actor-critic
@customb{WilliamsBaird1990,
  author = "Williams, R. J. and Baird, L. C.",
    year = 1990,
    note = "A mathematical analysis of actor-critic architectures for learning optimal controls through incremental dynamic programming. In \textit{Proceedings of the Sixth Yale Workshop on Adaptive and Learning Systems}, pp. 96--101. Center for Systems Science, Dunham Laboratory, Yale University, New Haven."
}
@customa{WilsonTakahashiSchoenbaumNiv2014,
  author = "Wilson, R. C. and Takahashi, Y. K. and Schoenbaum, G. and Niv, Y.",
    year = 2014,
    note = "Orbitofrontal cortex as a cognitive map of task space. \textit{Neuron}, 81(2):267--279."
}
@customa{Wilson1994,
  author = "Wilson, S. W.",
    year = 1994,
    note = "ZCS: A zeroth order classifier system. \textit{Evolutionary Computation}, 2:1--18."
}
@customa{Wise2004,
  author = "Wise, R. A.",
    year = 2004,
    note = "Dopamine, learning, and motivation. \textit{Nature Reviews Neuroscience}, 5(6):1--12."
}
@customa{Witten1976,
  author = "Witten, I. H.",
    year = 1976,
    note = "The apparent conflict between estimation and control---A survey of the two-armed problem. \textit{Journal of the Franklin Institute}, 301:161--189."
}
@customa{Witten1977,
  author = "Witten, I. H.",
    year = 1977,
    note = "An adaptive optimal controller for discrete-time Markov environments. \textit{Information and Control}, 34:286--295."
}
% correction: Man--Machine -> Man-Machine
@customb{WittenCorbin1973,
  author = "Witten, I. H. and Corbin, M. J.",
    year = 1973,
    note = "Human operators and automatic adaptive controllers: A comparative study on a particular control task. \textit{International Journal of Man-Machine Studies}, 5:75--104."
}
@customa{WoodburyDunnValasek2014,
  author = "Woodbury, T. and Dunn, C. and Valasek, J.",
    year = 2014,
    note = "Autonomous soaring using reinforcement learning for trajectory generation. In \textit{52nd Aerospace Sciences Meeting}, page 0990."
}
% correction: Woodworth, R. S., Schlosberg, H. (1938) -> Woodworth, R. S. (1938)
@customa{Woodworth1938,
  author = "Woodworth, R. S.",
    year = 1938,
    note = "\textit{Experimental psychology}. New York: Henry Holt and Company."
}
@customa{XieSeung2004,
  author = "Xie, X. and Seung, H. S.",
    year = 2004,
    note = "Learning in neural networks by reinforcement of irregular spiking. \textit{Physical Review E}, 69(4)."
}
@customa{XuXieHuLu2005,
  author = "Xu, X. and Xie, T. and Hu, D. and Lu, X.",
    year = 2005,
    note = "Kernel least-squares temporal difference learning. \textit{International Journal of Information Technology 11}(9):54--63."
}
@customa{YagishitaEt2014,
  author = "Yagishita, S. and Hayashi-Takagi, A. and Ellis-Davies, G. C. R. and Urakubo, H. and Ishii, S. and Kasai, H.",
    year = 2014,
    note = "A critical time window for dopamine actions on the structural plasticity of dendritic spines. \textit{Science}, 345(6204):1616--1619."
}
@customb{YeeSaxenaUtgoffBarto1990,
  author = "Yee, R. C. and Saxena, S. and Utgoff, P. E. and Barto, A. G.",
    year = 1990,
    note = "Explaining temporal differences to create useful concepts for evaluating states. In \textit{Proceedings of the Eighth National Conference on Artificial Intelligence}, pp. 882--888. AAAI Press, Menlo Park, CA."
}
@customa{YinKnowlton2006,
  author = "Yin, H. H. and Knowlton, B. J.",
    year = 2006,
    note = "The role of the basal ganglia in habit formation. \textit{Nature Reviews Neuroscience}, 7(6):464--476."
}
@customa{Young1984,
  author = "Young, P.",
    year = 1984,
    note = "\textit{Recursive Estimation and Time-Series Analysis}. Springer-Verlag, Berlin."
}
@customa{Yu2010,
  author = "Yu, H.",
    year = 2010,
    note = "Convergence of least squares temporal difference methods under general conditions. \textit{International Conference on Machine Learning 27}, pp. 1207--1214."
}
@customa{Yu2012,
  author = "Yu, H.",
    year = 2012,
    note = "Least squares temporal difference methods: An analysis under general conditions. \textit{SIAM Journal on Control and Optimization}, 50(6), 3310--3343."
}
@customa{Yu2015a,
  author = "Yu, H.",
    year = 2015,
    note = "On convergence of emphatic temporal-difference learning. ArXiv:1506.02582. A shorter version appeared in \textit{Conference on Learning Theory 18, JMLR W\&CP 40}."
}
@customa{Yu2015b,
  author = "Yu, H.",
    year = 2015,
    note = "Weak convergence properties of constrained emphatic temporal-difference learning with constant and slowly diminishing stepsize. ArXiv:1511.07471."
}
% correction: 211-215 -> 211--215
@customb{ZhangYum1989,
  author = "Zhang, M. and Yum, T. P.",
    year = 1989,
    note = "Comparisons of channel-assignment strategies in cellular mobile telephone systems. \textit{IEEE Transactions on Vehicular Technology}, 38:211--215."
}
@customa{Zhang1996,
  author = "Zhang, W.",
    year = 1996,
    note = "\textit{Reinforcement Learning for Job-shop Scheduling}. Ph.D. thesis, Oregon State University. Technical Report CS-96-30-1."
}
@customb{ZhangDietterich1995,
  author = "Zhang, W. and Dietterich, T. G.",
    year = 1995,
    note = "A reinforcement learning approach to job-shop scheduling. In \textit{Proceedings of the Fourteenth International Joint Conference on Artificial Intelligence}, pp. 1114--1120. Morgan Kaufmann."
}
@customb{ZhangDietterich1996,
  author = "Zhang, W. and Dietterich, T. G.",
    year = 1996,
    note = "High-performance job-shop scheduling with a time-delay TD($\lambda$) network. In D. S. Touretzky, M. C. Mozer, M. E. Hasselmo (eds.), \textit{Advances in Neural Information Processing Systems: Proceedings of the 1995 Conference}, pp. 1024--1030. MIT Press, Cambridge, MA."
}
@customb{ZwebenDaunDeale1994,
  author = "Zweben, M. and Daun, B. and Deale, M.",
    year = 1994,
    note = "Scheduling and rescheduling with iterative repair. In M. Zweben and M. S. Fox (eds.), \textit{Intelligent Scheduling}, pp. 241--255. Morgan Kaufmann, San Francisco."
}
